<?xml version="1.0" ?><OAI-PMH xmlns="http://www.openarchives.org/OAI/2.0/" xmlns:xsi="http://www.w3.org/2001/XMLSchema-instance" xsi:schemaLocation="http://www.openarchives.org/OAI/2.0/ http://www.openarchives.org/OAI/2.0/OAI-PMH.xsd">
  <responseDate>2024-11-20T18:25:00Z</responseDate>
  <request resumptionToken="1900-01-01@all@UNIGE_ALL@marc21@5986484920005502" verb="ListRecords">https://slsp-unige.alma.exlibrisgroup.com/view/oai/41SLSP_UGE/request</request>
<ListRecords><record><header><identifier>oai:alma.41SLSP_UGE:991011969420905502</identifier><datestamp>2024-02-26T01:21:36Z</datestamp><setSpec>UNIGE_ALL</setSpec></header><metadata>
<record xmlns="http://www.loc.gov/MARC21/slim" xmlns:xsi="http://www.w3.org/2001/XMLSchema-instance" xsi:schemaLocation="http://www.loc.gov/MARC21/slim http://www.loc.gov/standards/marcxml/schema/MARC21slim.xsd"><leader>01699nas a2200325 i 4500</leader><controlfield tag="001">991011969420905502</controlfield><controlfield tag="005">20240222072147.0</controlfield><controlfield tag="006">m     o  d        </controlfield><controlfield tag="007">cr |||||||||||</controlfield><controlfield tag="008">240222c20239999caufu p ou    0    |eng d</controlfield><datafield ind1="7" ind2=" " tag="016"><subfield code="a">3162457-1</subfield><subfield code="2">DE-600</subfield></datafield><datafield ind1=" " ind2=" " tag="035"><subfield code="a">(CKB)5850000000312176</subfield></datafield><datafield ind1=" " ind2=" " tag="035"><subfield code="a">(DE-599)ZDB3162457-1</subfield></datafield><datafield ind1=" " ind2=" " tag="035"><subfield code="a">(NjHacI)995850000000312176</subfield></datafield><datafield ind1=" " ind2=" " tag="035"><subfield code="a">(EXLCZ)995850000000312176</subfield></datafield><datafield ind1=" " ind2=" " tag="040"><subfield code="a">NjHacI</subfield><subfield code="b">eng</subfield><subfield code="e">rda</subfield><subfield code="c">NjHacl</subfield></datafield><datafield ind1=" " ind2="4" tag="050"><subfield code="a">R733</subfield><subfield code="b">.G563 2023</subfield></datafield><datafield ind1="0" ind2="4" tag="082"><subfield code="a">610</subfield><subfield code="2">23</subfield></datafield><datafield ind1="0" ind2="0" tag="245"><subfield code="a">Global Advances in Integrative Medicine and Health /</subfield><subfield code="c">Academic Consortium for Integrative Medicine &amp; Health, issuing body.</subfield></datafield><datafield ind1=" " ind2="1" tag="264"><subfield code="a">Thousand Oaks, CA :</subfield><subfield code="b">SAGE Publications, Inc,</subfield><subfield code="c">2023.</subfield></datafield><datafield ind1=" " ind2=" " tag="300"><subfield code="a">1 online resource</subfield></datafield><datafield ind1=" " ind2=" " tag="310"><subfield code="a">Semiannual</subfield></datafield><datafield ind1=" " ind2=" " tag="336"><subfield code="a">text</subfield><subfield code="b">txt</subfield><subfield code="2">rdacontent</subfield></datafield><datafield ind1=" " ind2=" " tag="337"><subfield code="a">computer</subfield><subfield code="b">c</subfield><subfield code="2">rdamedia</subfield></datafield><datafield ind1=" " ind2=" " tag="338"><subfield code="a">online resource</subfield><subfield code="b">cr</subfield><subfield code="2">rdacarrier</subfield></datafield><datafield ind1="1" ind2=" " tag="362"><subfield code="a">Volume 12;  Jan-Dec 2023.</subfield></datafield><datafield ind1=" " ind2=" " tag="588"><subfield code="a">Description based on publisher supplied metadata and other sources.</subfield></datafield><datafield ind1=" " ind2=" " tag="520"><subfield code="a">Global Advances in Integrative Medicine and Health (Global Advances) is a peer-reviewed open access journal that provides a platform for the dissemination of evidence-based research and knowledge in the field of health and medicine that integrates multi-disciplinary therapeutic approaches and lifestyle practices to promote whole person health. Please see the Aims and Scope tab for further information.  This journal is published in association with Academic Consortium for Integrative Medicine &amp; Health. This journal is a member of the Committee on Publication Ethics (COPE).</subfield></datafield><datafield ind1=" " ind2="0" tag="650"><subfield code="a">Integrative medicine</subfield><subfield code="v">Periodicals.</subfield></datafield><datafield ind1=" " ind2=" " tag="776"><subfield code="x">2753-6130</subfield></datafield><datafield ind1="2" ind2=" " tag="710"><subfield code="a">Academic Consortium for Integrative Medicine &amp; Health,</subfield><subfield code="e">issuing body.</subfield></datafield><datafield ind1=" " ind2=" " tag="906"><subfield code="a">JOURNAL</subfield></datafield></record>
</metadata></record>