<record><header><identifier>oai:alma.41SLSP_UGE:991011969423005502</identifier><datestamp>2024-04-29T00:13:01Z</datestamp><setSpec>UNIGE_ALL</setSpec></header><metadata>
<record xmlns="http://www.loc.gov/MARC21/slim" xmlns:xsi="http://www.w3.org/2001/XMLSchema-instance" xsi:schemaLocation="http://www.loc.gov/MARC21/slim http://www.loc.gov/standards/marcxml/schema/MARC21slim.xsd"><leader>02174nam a2200313 i 4500</leader><controlfield tag="001">991011969423005502</controlfield><controlfield tag="005">20240425111334.0</controlfield><controlfield tag="006">m     o  d        </controlfield><controlfield tag="007">cr#|||||||||||</controlfield><controlfield tag="008">230906s2022    fr      o     000 0 fre d</controlfield><datafield ind1=" " ind2=" " tag="020"><subfield code="a">2-7154-1270-3</subfield></datafield><datafield ind1=" " ind2=" " tag="035"><subfield code="a">(PPN)275575527</subfield></datafield><datafield ind1=" " ind2=" " tag="035"><subfield code="a">(CKB)5700000000345219</subfield></datafield><datafield ind1=" " ind2=" " tag="035"><subfield code="a">(NjHacI)995700000000345219</subfield></datafield><datafield ind1=" " ind2=" " tag="035"><subfield code="a">(EXLCZ)995700000000345219</subfield></datafield><datafield ind1=" " ind2=" " tag="040"><subfield code="a">NjHacI</subfield><subfield code="b">eng</subfield><subfield code="e">rda</subfield><subfield code="c">NjHacl</subfield></datafield><datafield ind1=" " ind2="4" tag="050"><subfield code="a">DS796.T5</subfield><subfield code="b">.A934 2022</subfield></datafield><datafield ind1="0" ind2="4" tag="082"><subfield code="a">341.4</subfield><subfield code="2">23</subfield></datafield><datafield ind1="1" ind2=" " tag="100"><subfield code="a">Aubert, Francis,</subfield><subfield code="e">author.</subfield></datafield><datafield ind1="1" ind2="2" tag="245"><subfield code="a">L'économie des territoires /</subfield><subfield code="c">Francis Aubert.</subfield></datafield><datafield ind1=" " ind2="1" tag="264"><subfield code="a">Paris :</subfield><subfield code="b">Presses Universitaires de France,</subfield><subfield code="c">2022.</subfield></datafield><datafield ind1=" " ind2=" " tag="300"><subfield code="a">1 online resource (126 pages)</subfield></datafield><datafield ind1=" " ind2=" " tag="336"><subfield code="a">text</subfield><subfield code="b">txt</subfield><subfield code="2">rdacontent</subfield></datafield><datafield ind1=" " ind2=" " tag="337"><subfield code="a">computer</subfield><subfield code="b">c</subfield><subfield code="2">rdamedia</subfield></datafield><datafield ind1=" " ind2=" " tag="338"><subfield code="a">online resource</subfield><subfield code="b">cr</subfield><subfield code="2">rdacarrier</subfield></datafield><datafield ind1=" " ind2=" " tag="588"><subfield code="a">Description based on publisher supplied metadata and other sources.</subfield></datafield><datafield ind1=" " ind2=" " tag="520"><subfield code="a">Alors que la mondialisation effrénée connaît ses limites, de plus en plus de voix s'élèvent pour repenser notre économie à partir du local. De quelles ressources disposent réellement les territoires ? Quels liens entretiennent-ils avec les instances qui les englobent, de la région au transnational en passant par l'Etat ? Les territorialistes insistent sur l'importance de valoriser et préserver les ressources locales au sens large, qu'elles soient matérielles et immatérielles, mobiles ou immobiles, renouvelables ou non. Le territoire, pensé comme un système économique qui possède son propre mode d'organisation, doit trouver un équilibre entre autonomie et intégration au sein de systèmes globaux. Francis Aubert analyse les perspectives d'une économie territoriale, en intégrant les défis actuels et futurs que soulève la géographie économique, notamment en matière d'environnement et de ressources naturelles. Il montre ainsi que penser local n'est pas synonyme de repli sur soi.</subfield></datafield><datafield ind1=" " ind2="0" tag="650"><subfield code="a">Leased territories.</subfield></datafield><datafield ind1=" " ind2=" " tag="776"><subfield code="z">2-7154-1269-X</subfield></datafield><datafield ind1=" " ind2=" " tag="906"><subfield code="a">BOOK</subfield></datafield></record>
</metadata></record>