<record><header><identifier>oai:alma.41SLSP_UGE:991011969420505502</identifier><datestamp>2024-06-10T00:08:41Z</datestamp><setSpec>UNIGE_ALL</setSpec></header><metadata>
<record xmlns="http://www.loc.gov/MARC21/slim" xmlns:xsi="http://www.w3.org/2001/XMLSchema-instance" xsi:schemaLocation="http://www.loc.gov/MARC21/slim http://www.loc.gov/standards/marcxml/schema/MARC21slim.xsd"><leader>01824nam a2200349 i 4500</leader><controlfield tag="001">991011969420505502</controlfield><controlfield tag="005">20230928211425.0</controlfield><controlfield tag="006">m     o  d        </controlfield><controlfield tag="007">cr |||||||||||</controlfield><controlfield tag="008">230928s2023    fr      o     000 0 fre d</controlfield><datafield ind1=" " ind2=" " tag="020"><subfield code="a">2-37687-720-2</subfield></datafield><datafield ind1=" " ind2=" " tag="035"><subfield code="a">(CKB)5590000001027129</subfield></datafield><datafield ind1=" " ind2=" " tag="035"><subfield code="a">(NjHacI)995590000001027129</subfield></datafield><datafield ind1=" " ind2=" " tag="035"><subfield code="a">(PPN)267771584</subfield></datafield><datafield ind1=" " ind2=" " tag="035"><subfield code="a">(FR-PaCSA)88939714</subfield></datafield><datafield ind1=" " ind2=" " tag="035"><subfield code="a">(EXLCZ)995590000001027129</subfield></datafield><datafield ind1=" " ind2=" " tag="040"><subfield code="a">NjHacI</subfield><subfield code="b">eng</subfield><subfield code="e">rda</subfield><subfield code="c">NjHacl</subfield></datafield><datafield ind1=" " ind2="4" tag="050"><subfield code="a">BF575.A85</subfield><subfield code="b">.B874 2023</subfield></datafield><datafield ind1="0" ind2="4" tag="082"><subfield code="a">158.2</subfield><subfield code="2">23</subfield></datafield><datafield ind1="1" ind2=" " tag="100"><subfield code="a">Burgaud, Didier,</subfield><subfield code="e">author.</subfield></datafield><datafield ind1="1" ind2="0" tag="245"><subfield code="a">Boostez votre impact personnel :</subfield><subfield code="b">inspirer, s'affirmer, mobiliser /</subfield><subfield code="c">Didier Burgaud.</subfield></datafield><datafield ind1=" " ind2=" " tag="246"><subfield code="a">Boostez votre impact personnel </subfield></datafield><datafield ind1=" " ind2="1" tag="264"><subfield code="a">Caen :</subfield><subfield code="b">Editions EMS,</subfield><subfield code="c">2023.</subfield></datafield><datafield ind1=" " ind2=" " tag="300"><subfield code="a">1 online resource (264 pages).</subfield></datafield><datafield ind1=" " ind2=" " tag="336"><subfield code="a">text</subfield><subfield code="b">txt</subfield><subfield code="2">rdacontent</subfield></datafield><datafield ind1=" " ind2=" " tag="337"><subfield code="a">computer</subfield><subfield code="b">c</subfield><subfield code="2">rdamedia</subfield></datafield><datafield ind1=" " ind2=" " tag="338"><subfield code="a">online resource</subfield><subfield code="b">cr</subfield><subfield code="2">rdacarrier</subfield></datafield><datafield ind1="0" ind2=" " tag="490"><subfield code="a">Pratiques d'entreprises</subfield></datafield><datafield ind1=" " ind2=" " tag="588"><subfield code="a">Description based on publisher supplied metadata and other sources.</subfield></datafield><datafield ind1=" " ind2=" " tag="520"><subfield code="a">Dans un monde où le besoin de sens s'exacerbe, il est plus que jamais nécessaire de convaincre, &quot;d'embarquer&quot; et d'exercer un impact positif sur son environnement professionnel. Ce livre propose des outils, des exemples, des exercices faciles et pratiques des cas, des conseils d'experts (coachs, acteurs, orthophonistes, ...) pour aider à booster son impact. Parmi les thèmes abordés : comprendre les émotions des autres, développer son écoute active, renforcer sa visibilité, savoir dire les choses, apprendre à dire non, interagir efficacement avec ses parties prenantes, inspirer en donnant du sens, préparer sa prise de parole, rendre sa communication verbale et non verbale percutante.</subfield></datafield><datafield ind1=" " ind2="0" tag="650"><subfield code="a">Assertiveness (Psychology)</subfield></datafield><datafield ind1=" " ind2="0" tag="650"><subfield code="a">Assertiveness training.</subfield></datafield><datafield ind1=" " ind2="0" tag="650"><subfield code="a">Communication.</subfield></datafield><datafield ind1=" " ind2=" " tag="776"><subfield code="z">2-37687-719-9</subfield></datafield><datafield ind1=" " ind2=" " tag="906"><subfield code="a">BOOK</subfield></datafield></record>
</metadata></record>