<record><header><identifier>oai:alma.41SLSP_UGE:991011969422605502</identifier><datestamp>2024-04-30T00:08:11Z</datestamp><setSpec>UNIGE_ALL</setSpec></header><metadata>
<record xmlns="http://www.loc.gov/MARC21/slim" xmlns:xsi="http://www.w3.org/2001/XMLSchema-instance" xsi:schemaLocation="http://www.loc.gov/MARC21/slim http://www.loc.gov/standards/marcxml/schema/MARC21slim.xsd"><leader>02519nam a2200325 i 4500</leader><controlfield tag="001">991011969422605502</controlfield><controlfield tag="005">20240426120054.0</controlfield><controlfield tag="006">m     o  d        </controlfield><controlfield tag="007">cr#|||||||||||</controlfield><controlfield tag="008">230906s2022    fr a    o     000 0 fre d</controlfield><datafield ind1=" " ind2=" " tag="020"><subfield code="a">2-7154-1300-9</subfield></datafield><datafield ind1=" " ind2=" " tag="035"><subfield code="a">(PPN)275576639</subfield></datafield><datafield ind1=" " ind2=" " tag="035"><subfield code="a">(CKB)5700000000345223</subfield></datafield><datafield ind1=" " ind2=" " tag="035"><subfield code="a">(NjHacI)995700000000345223</subfield></datafield><datafield ind1=" " ind2=" " tag="035"><subfield code="a">(EXLCZ)995700000000345223</subfield></datafield><datafield ind1=" " ind2=" " tag="040"><subfield code="a">NjHacI</subfield><subfield code="b">eng</subfield><subfield code="e">rda</subfield><subfield code="c">NjHacl</subfield></datafield><datafield ind1=" " ind2="4" tag="050"><subfield code="a">QB738</subfield><subfield code="b">.G686 2022</subfield></datafield><datafield ind1="0" ind2="4" tag="082"><subfield code="a">523.5</subfield><subfield code="2">23</subfield></datafield><datafield ind1="1" ind2=" " tag="100"><subfield code="a">Gounelle, Matthieu,</subfield><subfield code="e">author.</subfield></datafield><datafield ind1="1" ind2="0" tag="245"><subfield code="a">Météorites /</subfield><subfield code="c">Matthieu Gounelle.</subfield></datafield><datafield ind1=" " ind2="1" tag="264"><subfield code="a">Paris :</subfield><subfield code="b">Presses Universitaires de France,</subfield><subfield code="c">2022.</subfield></datafield><datafield ind1=" " ind2=" " tag="300"><subfield code="a">1 online resource (128 pages) :</subfield><subfield code="b">illustrations</subfield></datafield><datafield ind1=" " ind2=" " tag="336"><subfield code="a">text</subfield><subfield code="b">txt</subfield><subfield code="2">rdacontent</subfield></datafield><datafield ind1=" " ind2=" " tag="337"><subfield code="a">computer</subfield><subfield code="b">c</subfield><subfield code="2">rdamedia</subfield></datafield><datafield ind1=" " ind2=" " tag="338"><subfield code="a">online resource</subfield><subfield code="b">cr</subfield><subfield code="2">rdacarrier</subfield></datafield><datafield ind1=" " ind2=" " tag="588"><subfield code="a">Description based on publisher supplied metadata and other sources.</subfield></datafield><datafield ind1=" " ind2=" " tag="520"><subfield code="a">Bien que les météorites aient depuis toujours fasciné les hommes, l'intérêt scientifique pour ces pierres tombées du ciel s'est, depuis quelques années, considérablement accru. À travers elles, l'évolution géologique des corps célestes les plus massifs peut être appréhendée. Elles nous aident aussi à comprendre les mécanismes de formation des systèmes solaires. Certaines - les chondrites carbonées -, riches en molécules organiques complexes, ont permis de renouveler les questionnements sur l'apparition de la vie.  Depuis l'ère « suspicieuse » jusqu'aux recherches les plus contemporaines, Matthieu Gournelle retrace l'histoire naturelle et scientifique de ces échantillons extraterrestres.</subfield></datafield><datafield ind1="0" ind2=" " tag="505"><subfield code="a">Avant-propos Chapitre premier - Éléments de planétologie et de cosmochimie Chapitre II - Aperçu historique Chapitre III - Les météorites sur Terre Chapitre IV - Comment reconnaître une météorite ? Chapitre V - Les météorites : des corps-parents à la Terre Chapitre VI - Les chondrites et la formation de notre système solaire Chapitre VII - Évolution géologique des corps célestes Chapitre VIII - Météorites et émergence de la vie Conclusion Bibliographie et sites internet.</subfield></datafield><datafield ind1=" " ind2="0" tag="650"><subfield code="a">Meteoroids.</subfield></datafield><datafield ind1=" " ind2=" " tag="776"><subfield code="z">2-7154-1299-1</subfield></datafield><datafield ind1=" " ind2=" " tag="906"><subfield code="a">BOOK</subfield></datafield></record>
</metadata></record>