<record><header><identifier>oai:alma.41SLSP_UGE:991011969420705502</identifier><datestamp>2023-10-07T03:45:36Z</datestamp><setSpec>UNIGE_ALL</setSpec></header><metadata>
<record xmlns="http://www.loc.gov/MARC21/slim" xmlns:xsi="http://www.w3.org/2001/XMLSchema-instance" xsi:schemaLocation="http://www.loc.gov/MARC21/slim http://www.loc.gov/standards/marcxml/schema/MARC21slim.xsd"><leader>02737nam a2200361 i 4500</leader><controlfield tag="001">991011969420705502</controlfield><controlfield tag="005">20230922071841.0</controlfield><controlfield tag="006">m     o  d        </controlfield><controlfield tag="007">cr |||||||||||</controlfield><controlfield tag="008">230922s2010    fr      ob    001 0 fre d</controlfield><datafield ind1=" " ind2=" " tag="020"><subfield code="a">2-7056-7950-2</subfield></datafield><datafield ind1=" " ind2=" " tag="035"><subfield code="a">(CKB)4110000000009894</subfield></datafield><datafield ind1=" " ind2=" " tag="035"><subfield code="a">(NjHacI)994110000000009894</subfield></datafield><datafield ind1=" " ind2=" " tag="035"><subfield code="a">(PPN)227996720</subfield></datafield><datafield ind1=" " ind2=" " tag="035"><subfield code="a">(EXLCZ)994110000000009894</subfield></datafield><datafield ind1=" " ind2=" " tag="040"><subfield code="a">NjHacI</subfield><subfield code="b">eng</subfield><subfield code="e">rda</subfield><subfield code="c">NjHacl</subfield></datafield><datafield ind1=" " ind2="4" tag="050"><subfield code="a">B121</subfield><subfield code="b">.P455 2010</subfield></datafield><datafield ind1="0" ind2="4" tag="082"><subfield code="a">181</subfield><subfield code="2">23</subfield></datafield><datafield ind1="0" ind2="0" tag="245"><subfield code="a">Philosophies d'ailleurs.</subfield><subfield code="n">Tome II,</subfield><subfield code="p">Les pensées hébraïques, les pensées arabes et persanes, les pensées égyptiennes.  /</subfield><subfield code="c">sous la direction de Roger-Pol Droit.</subfield></datafield><datafield ind1=" " ind2=" " tag="246"><subfield code="a">Philosophies d'ailleurs T2 </subfield></datafield><datafield ind1=" " ind2="1" tag="264"><subfield code="a">Paris :</subfield><subfield code="b">Hermann,</subfield><subfield code="c">2010.</subfield></datafield><datafield ind1=" " ind2=" " tag="300"><subfield code="a">1 online resource (448 pages).</subfield></datafield><datafield ind1=" " ind2=" " tag="336"><subfield code="a">text</subfield><subfield code="b">txt</subfield><subfield code="2">rdacontent</subfield></datafield><datafield ind1=" " ind2=" " tag="337"><subfield code="a">computer</subfield><subfield code="b">c</subfield><subfield code="2">rdamedia</subfield></datafield><datafield ind1=" " ind2=" " tag="338"><subfield code="a">online resource</subfield><subfield code="b">cr</subfield><subfield code="2">rdacarrier</subfield></datafield><datafield ind1="1" ind2=" " tag="490"><subfield code="a">Philosophie (Hermann (Firm))</subfield></datafield><datafield ind1=" " ind2=" " tag="588"><subfield code="a">Description based on publisher supplied metadata and other sources.</subfield></datafield><datafield ind1=" " ind2=" " tag="520"><subfield code="a">Son nom vient du grec ancien, mais la philosophie n'est pas l'apanage des cultures issues de la Grèce antique. Au contraire, les Grecs eux-mêmes considéraient souvent que la philosophia venait d'ailleurs, et qu'ils n'en étaient pas les inventeurs. Tout au long de l'histoire occidentale s'est maintenue cette conviction : les autres aussi sont philosophes. C'est seulement à la fin du XIXe siècle que la pensée occidentale s'est refermée sur elle-même, délaissant toutes les perspectives théoriques autres au profit de la seule tradition gréco-latine. Le second volume de cette anthologie rassemble des extraits de textes philosophiques essentiels des civilisations hébraïque, arabe, persane et égyptienne. Ces passages, dont la plupart sont traduits pour la première fois en français, et regroupés selon leur langue d'origine, permettent de découvrir les lignes de force de ces philosophies étrangères tout en révélant leur tonalité particulière. Présentés par d'éminents spécialistes internationaux réunis spécialement sous la direction de Roger-Pol Droit, ces corpus sont éclairés par des études de synthèse et accompagnés de notes, glossaires et références mettant à la disposition du lecteur les moyens d'approfondir les sujets de son choix.</subfield></datafield><datafield ind1=" " ind2=" " tag="504"><subfield code="a">Includes bibliographical references and indexes.</subfield></datafield><datafield ind1="0" ind2=" " tag="505"><subfield code="a">t. 1. Les pense´es indiennes. Les pense´es chinoises. Les pense´es tibe´taines -- t. 2. Les pense´es he´brai¨ques. Les pense´es arabes et persanes. Les pense´es e´gyptiennes.</subfield></datafield><datafield ind1=" " ind2="0" tag="650"><subfield code="a">Philosophy, Asian.</subfield></datafield><datafield ind1=" " ind2="0" tag="650"><subfield code="a">Islamic philosophy.</subfield></datafield><datafield ind1=" " ind2=" " tag="776"><subfield code="z">2-7056-6874-8</subfield></datafield><datafield ind1="1" ind2=" " tag="700"><subfield code="a">Droit, Roger-Pol,</subfield><subfield code="e">editor.</subfield></datafield><datafield ind1=" " ind2="0" tag="830"><subfield code="a">Philosophie (Hermann (Firm))</subfield></datafield><datafield ind1=" " ind2=" " tag="906"><subfield code="a">BOOK</subfield></datafield></record>
</metadata></record>