<record><header><identifier>oai:alma.41SLSP_UGE:991011969422805502</identifier><datestamp>2024-04-29T00:13:02Z</datestamp><setSpec>UNIGE_ALL</setSpec></header><metadata>
<record xmlns="http://www.loc.gov/MARC21/slim" xmlns:xsi="http://www.w3.org/2001/XMLSchema-instance" xsi:schemaLocation="http://www.loc.gov/MARC21/slim http://www.loc.gov/standards/marcxml/schema/MARC21slim.xsd"><leader>01725nam a2200325 i 4500</leader><controlfield tag="001">991011969422805502</controlfield><controlfield tag="005">20240425141410.0</controlfield><controlfield tag="006">m     o  d        </controlfield><controlfield tag="007">cr#|||||||||||</controlfield><controlfield tag="008">230906s2022    fr      o     000 0 fre d</controlfield><datafield ind1=" " ind2=" " tag="020"><subfield code="a">2-7154-1312-2</subfield></datafield><datafield ind1=" " ind2=" " tag="035"><subfield code="a">(PPN)275575322</subfield></datafield><datafield ind1=" " ind2=" " tag="035"><subfield code="a">(CKB)5700000000345221</subfield></datafield><datafield ind1=" " ind2=" " tag="035"><subfield code="a">(NjHacI)995700000000345221</subfield></datafield><datafield ind1=" " ind2=" " tag="035"><subfield code="a">(EXLCZ)995700000000345221</subfield></datafield><datafield ind1=" " ind2=" " tag="040"><subfield code="a">NjHacI</subfield><subfield code="b">eng</subfield><subfield code="e">rda</subfield><subfield code="c">NjHacl</subfield></datafield><datafield ind1=" " ind2="4" tag="050"><subfield code="a">BL65.C62</subfield><subfield code="b">.B785 2022</subfield></datafield><datafield ind1="0" ind2="4" tag="082"><subfield code="a">201.7</subfield><subfield code="2">23</subfield></datafield><datafield ind1="1" ind2=" " tag="100"><subfield code="a">Bruley, Yves,</subfield><subfield code="e">author.</subfield></datafield><datafield ind1="1" ind2="0" tag="245"><subfield code="a">Histoire du catholicisme /</subfield><subfield code="c">Yves Bruley.</subfield></datafield><datafield ind1=" " ind2=" " tag="250"><subfield code="a">First edition.</subfield></datafield><datafield ind1=" " ind2="1" tag="264"><subfield code="a">Paris :</subfield><subfield code="b">Presses Universitaires de France,</subfield><subfield code="c">2022.</subfield></datafield><datafield ind1=" " ind2=" " tag="300"><subfield code="a">1 online resource (365 pages)</subfield></datafield><datafield ind1=" " ind2=" " tag="336"><subfield code="a">text</subfield><subfield code="b">txt</subfield><subfield code="2">rdacontent</subfield></datafield><datafield ind1=" " ind2=" " tag="337"><subfield code="a">computer</subfield><subfield code="b">c</subfield><subfield code="2">rdamedia</subfield></datafield><datafield ind1=" " ind2=" " tag="338"><subfield code="a">online resource</subfield><subfield code="b">cr</subfield><subfield code="2">rdacarrier</subfield></datafield><datafield ind1=" " ind2=" " tag="588"><subfield code="a">Description based on publisher supplied metadata and other sources.</subfield></datafield><datafield ind1=" " ind2=" " tag="520"><subfield code="a">En embrassant les deux millénaires de l'histoire du catholicisme, Yves Bruley relève les continuités de l'Église catholique, l'originalité de cette religion comparée aux autres grandes religions, comme celle de l'identité du catholicisme par rapport aux autres confessions chrétiennes. Cette synthèse montre aussi le rôle crucial du christianisme dans l'histoire mondiale, depuis le retournement religieux de l'Antiquité gréco-romaine jusqu'à nos jours, en passant par l'ordre sacré du monde chrétien médiéval ou par la naissance de la modernité et de la laïcité.</subfield></datafield><datafield ind1=" " ind2="0" tag="650"><subfield code="a">Religion and civil society.</subfield></datafield><datafield ind1=" " ind2=" " tag="776"><subfield code="z">2-7154-1311-4</subfield></datafield><datafield ind1=" " ind2=" " tag="906"><subfield code="a">BOOK</subfield></datafield></record>
</metadata></record>