<record><header><identifier>oai:alma.41SLSP_UGE:991011969422405502</identifier><datestamp>2024-04-29T00:13:02Z</datestamp><setSpec>UNIGE_ALL</setSpec></header><metadata>
<record xmlns="http://www.loc.gov/MARC21/slim" xmlns:xsi="http://www.w3.org/2001/XMLSchema-instance" xsi:schemaLocation="http://www.loc.gov/MARC21/slim http://www.loc.gov/standards/marcxml/schema/MARC21slim.xsd"><leader>03457nam a2200325 i 4500</leader><controlfield tag="001">991011969422405502</controlfield><controlfield tag="005">20240425141048.0</controlfield><controlfield tag="006">m     o  d        </controlfield><controlfield tag="007">cr#|||||||||||</controlfield><controlfield tag="008">230906s2022    fr      o     000 0 fre d</controlfield><datafield ind1=" " ind2=" " tag="020"><subfield code="a">2-7154-0846-3</subfield></datafield><datafield ind1=" " ind2=" " tag="035"><subfield code="a">(PPN)275575292</subfield></datafield><datafield ind1=" " ind2=" " tag="035"><subfield code="a">(CKB)5700000000345225</subfield></datafield><datafield ind1=" " ind2=" " tag="035"><subfield code="a">(NjHacI)995700000000345225</subfield></datafield><datafield ind1=" " ind2=" " tag="035"><subfield code="a">(EXLCZ)995700000000345225</subfield></datafield><datafield ind1=" " ind2=" " tag="040"><subfield code="a">NjHacI</subfield><subfield code="b">eng</subfield><subfield code="e">rda</subfield><subfield code="c">NjHacl</subfield></datafield><datafield ind1=" " ind2="4" tag="050"><subfield code="a">Z657</subfield><subfield code="b">.M378 2022</subfield></datafield><datafield ind1="0" ind2="4" tag="082"><subfield code="a">363.3</subfield><subfield code="2">23</subfield></datafield><datafield ind1="1" ind2=" " tag="100"><subfield code="a">Martin, Laurent,</subfield><subfield code="e">author.</subfield></datafield><datafield ind1="1" ind2="0" tag="245"><subfield code="a">Histoire de la censure en France /</subfield><subfield code="c">Laurent Martin.</subfield></datafield><datafield ind1=" " ind2="1" tag="264"><subfield code="a">Paris :</subfield><subfield code="b">Presses Universitaires de France,</subfield><subfield code="c">2022.</subfield></datafield><datafield ind1=" " ind2=" " tag="300"><subfield code="a">1 online resource (126 pages)</subfield></datafield><datafield ind1=" " ind2=" " tag="336"><subfield code="a">text</subfield><subfield code="b">txt</subfield><subfield code="2">rdacontent</subfield></datafield><datafield ind1=" " ind2=" " tag="337"><subfield code="a">computer</subfield><subfield code="b">c</subfield><subfield code="2">rdamedia</subfield></datafield><datafield ind1=" " ind2=" " tag="338"><subfield code="a">online resource</subfield><subfield code="b">cr</subfield><subfield code="2">rdacarrier</subfield></datafield><datafield ind1=" " ind2=" " tag="588"><subfield code="a">Description based on publisher supplied metadata and other sources.</subfield></datafield><datafield ind1=" " ind2=" " tag="520"><subfield code="a">La République démocratique, en France, garantit la liberté d'expression. Est-ce à dire que la censure n'y a plus cours ? N'existerait-elle pas sous de nouvelles formes ? Et si oui, quelle influence a-t-elle sur la société ? Les censeurs ont toujours été attentifs aux moyens de diffusion des idées. Du XVIe au XVIIIe siècle, le contrôle de la parole affecta particulièrement l'édition. Il s'est porté ensuite, au XIXe, sur la presse et le théâtre. Puis ce fut au tour des médias audiovisuels d'être dans le viseur. Aujourd'hui, les autorités se préoccupent surtout des publications sur Internet. Laurent Martin décrit l'histoire et le fonctionnement des appareils de contrôle culturel en France, leurs logiques et leurs acteurs, analysant les effets et contre-effets de ce contrôle sur la vie culturelle.</subfield></datafield><datafield ind1="0" ind2=" " tag="505"><subfield code="a">Introduction Chapitre premier - La censure dans la France de l'Ancien Régime (XVIe-XVIIIe siècles) I. Le XVIe siècle : la mise en place de l'appareil censorial contre les hérésies II. Le XVIIe siècle : la raison d'État l'emporte sur la raison d'Église  III. Le XVIIIe siècle : les philosophes contre la censure ? Chapitre II - De la Révolution française à la IIIe République (1789‑1870) I. La censure sous la Révolution française (1789‑1799) : pas de liberté pour les ennemis de la liberté II. Du Premier Empire au Second : permanences et mutations de la censure (18041852) III. La censure sous le Second Empire (1852‑1870) : du tour de vis au tournant libérl Chapitre III - La censure sous la IIIe République et le régime de Vichy (18701944) I. De la IIIe  République à la Première Guerre mondiale (18701914) : la liberté d'expression enfin garantie ?  II. La censure pendant la Première Guerre mondiale III. D'une guerre à l'autre, contrastes français sur le front de la censure  IV. La censure pendant la Seconde Guerre mondiale Chapitre IV - Censure et liberté d'expression en France depuis 1945 I. Survivances et réactivation d'une censure d'État II. Censures en société Conclusion Bibliographie.</subfield></datafield><datafield ind1=" " ind2="0" tag="650"><subfield code="a">Censorship</subfield><subfield code="x">History.</subfield></datafield><datafield ind1=" " ind2=" " tag="776"><subfield code="z">2-7154-0845-5</subfield></datafield><datafield ind1=" " ind2=" " tag="906"><subfield code="a">BOOK</subfield></datafield></record>
</metadata></record>