<record><header><identifier>oai:alma.41SLSP_UGE:991011969420105502</identifier><datestamp>2024-06-10T00:08:41Z</datestamp><setSpec>UNIGE_ALL</setSpec></header><metadata>
<record xmlns="http://www.loc.gov/MARC21/slim" xmlns:xsi="http://www.w3.org/2001/XMLSchema-instance" xsi:schemaLocation="http://www.loc.gov/MARC21/slim http://www.loc.gov/standards/marcxml/schema/MARC21slim.xsd"><leader>03923nam a2200361 i 4500</leader><controlfield tag="001">991011969420105502</controlfield><controlfield tag="005">20230928201825.0</controlfield><controlfield tag="006">m     o  d        </controlfield><controlfield tag="007">cr |||||||||||</controlfield><controlfield tag="008">230928s2022    fr a    o     000 0 fre d</controlfield><datafield ind1=" " ind2=" " tag="020"><subfield code="a">2-37687-567-6</subfield></datafield><datafield ind1=" " ind2=" " tag="035"><subfield code="a">(CKB)5590000001027289</subfield></datafield><datafield ind1=" " ind2=" " tag="035"><subfield code="a">(NjHacI)995590000001027289</subfield></datafield><datafield ind1=" " ind2=" " tag="035"><subfield code="a">(PPN)267771630</subfield></datafield><datafield ind1=" " ind2=" " tag="035"><subfield code="a">(FR-PaCSA)88939719</subfield></datafield><datafield ind1=" " ind2=" " tag="035"><subfield code="a">(EXLCZ)995590000001027289</subfield></datafield><datafield ind1=" " ind2=" " tag="040"><subfield code="a">NjHacI</subfield><subfield code="b">eng</subfield><subfield code="e">rda</subfield><subfield code="c">NjHacl</subfield></datafield><datafield ind1=" " ind2="4" tag="050"><subfield code="a">K3240</subfield><subfield code="b">.B373 2022</subfield></datafield><datafield ind1="0" ind2="4" tag="082"><subfield code="a">341.481</subfield><subfield code="2">23</subfield></datafield><datafield ind1="1" ind2=" " tag="100"><subfield code="a">Barabel, Michel,</subfield><subfield code="e">author.</subfield></datafield><datafield ind1="1" ind2="0" tag="245"><subfield code="a">Innovations RH et managériales :</subfield><subfield code="b">70 pratiques innovantes pour passer à l'action /</subfield><subfield code="c">Michel Barabel, Sophie Loeuilleux, Olivier Meier.</subfield></datafield><datafield ind1=" " ind2=" " tag="246"><subfield code="a">Innovations RH et managériales </subfield></datafield><datafield ind1=" " ind2="1" tag="264"><subfield code="a">Caen :</subfield><subfield code="b">EMS Editions - IN QUARTO SARL,</subfield><subfield code="c">2022.</subfield></datafield><datafield ind1=" " ind2=" " tag="300"><subfield code="a">1 online resource (491 pages) :</subfield><subfield code="b">illustrations.</subfield></datafield><datafield ind1=" " ind2=" " tag="336"><subfield code="a">text</subfield><subfield code="b">txt</subfield><subfield code="2">rdacontent</subfield></datafield><datafield ind1=" " ind2=" " tag="337"><subfield code="a">computer</subfield><subfield code="b">c</subfield><subfield code="2">rdamedia</subfield></datafield><datafield ind1=" " ind2=" " tag="338"><subfield code="a">online resource</subfield><subfield code="b">cr</subfield><subfield code="2">rdacarrier</subfield></datafield><datafield ind1="1" ind2=" " tag="490"><subfield code="a">Questions de société (Colombelles)</subfield></datafield><datafield ind1=" " ind2=" " tag="588"><subfield code="a">Description based on publisher supplied metadata and other sources.</subfield></datafield><datafield ind1=" " ind2=" " tag="520"><subfield code="a">Transformation RH, digitalisation, nouveaux modes de travail et de management, organisation hybride ... aucune entreprise n'y échappe. À charge pour les professionnels RH de maintenir la compétitivité de leurs organisations en attirant, engageant et en développant les collaborateurs dont les aspirations et le rapport au travail se modifient radicalement du fait des mutations sociales, sociétales, technologiques et environnementales. Alors comment faire la différence ? Comment passer des concepts à la mise en pratique ? Pour transformer une idée en innovation, nous avons tous besoin d'exemples et de modèles. C'est ce que vous propose cet ouvrage unique qui recense 70 cas d'entreprises inspirantes et vitalisantes ! Un panorama des meilleures innovations déployées sur l'ensemble de la chaîne de valeur RH qui se veulent pratiques et actionnables, notamment grâce à la diversité des contextes et des initiatives. Comment ont-elles concrètement mis en oeuvre ces innovations ? Vous le saurez en lisant cet ouvrage où chaque équipe RH vous livre tous ses secrets pour déployer une innovation RH réussie ! Les + de l'ouvrage : Une diversité d'entreprises représentées : Axa, Babilou, Believe, BRED, Cnav, Engie, FDJ, Franprix, Groupama, Kiloutou, Leboncoin, L'Oréal, Louis Vuitton, ManoMano, Meetic, Nexity, OCTO Technology, Orange, RATP, Saur, SNCF, Veolia... ; Des cas extrêmement détaillés finalité, enjeux, contexte, organisation, planning, difficultés rencontrées, facteurs clés de succès, bilan, KPI, conseils, futur... ; De nombreux graphiques tableaux et visuels pour s'immerger dans chaque innovation ; Les clés d'une coopération réussie startup/entreprise selon les acteurs. ; Des points de vue d'experts, de chercheurs et de dirigeants pour éclairer les thématiques ; 5 acteurs RH de référence partenaires de l'ouvrage : Le Lab RH. ConvictionsRH, Parlons RH, Great Place To Work® et le prix du DRH et de l'Innovation RH de l'année.</subfield></datafield><datafield ind1="0" ind2=" " tag="505"><subfield code="a">P. 5. Les auteurs, experts et contributeurs. P. 9. Introduction. P. 13. Encadré méthodologique. P. 15. Chapitre 1 -- Les principaux enjeux de la transformation pour la fonction RH. P. 55. Chapitre 2 -- Les pratiques innovantes dans le recrutement &amp; la marque employeur. P. 151. Chapitre 3 -- Les pratiques innovantes pour développer les compétences. P. 215. Chapitre 4 -- Les pratiques innovantes pour l'évolution des carrières. P. 283. Chapitre 5 -- Les pratiques innovantes pour la qualité de vie au travail. P. 355. Chapitre 6 -- Les pratiques innovantes autour du management. P. 425. Chapitre 7 -- Les pratiques innovantes autour de la RSE.</subfield></datafield><datafield ind1=" " ind2="0" tag="650"><subfield code="a">Human rights.</subfield></datafield><datafield ind1="1" ind2=" " tag="700"><subfield code="a">Loeuilleux, Sophie,</subfield><subfield code="e">author.</subfield></datafield><datafield ind1="1" ind2=" " tag="700"><subfield code="a">Meier, Olivier,</subfield><subfield code="e">author.</subfield></datafield><datafield ind1=" " ind2=" " tag="776"><subfield code="z">2-37687-566-8</subfield></datafield><datafield ind1=" " ind2="0" tag="830"><subfield code="a">Collection Questions de société.</subfield></datafield><datafield ind1=" " ind2=" " tag="906"><subfield code="a">BOOK</subfield></datafield></record>
</metadata></record>