<record><header><identifier>oai:alma.41SLSP_UGE:991000005279705502</identifier><datestamp>2023-12-15T01:23:49Z</datestamp><setSpec>uge_bcen_RapidILL_BOOK</setSpec><setSpec>uge_aaca_RapidILL_BOOK</setSpec><setSpec>uge_abels_RapidILL_BOOK</setSpec><setSpec>uge_dbu_RapidILL_BOOK</setSpec><setSpec>uge_cmu_RapidILL_BOOK</setSpec><setSpec>uge_mail_RapidILL_BOOK</setSpec><setSpec>uge_abbat_RapidILL_BOOK</setSpec><setSpec>UNIGE_ALL</setSpec><setSpec>uge_acar_RapidILL_BOOK</setSpec><setSpec>uge_aobs_RapidILL_BOOK</setSpec></header><metadata>
<record xmlns="http://www.loc.gov/MARC21/slim" xmlns:xsi="http://www.w3.org/2001/XMLSchema-instance" xsi:schemaLocation="http://www.loc.gov/MARC21/slim http://www.loc.gov/standards/marcxml/schema/MARC21slim.xsd"><leader>01938nam a2200433 c 4500</leader><controlfield tag="001">991000005279705502</controlfield><controlfield tag="005">20230217213237.0</controlfield><controlfield tag="008">201012m19941998xxk||||| |||| 00| ||eng d</controlfield><datafield ind1=" " ind2=" " tag="020"><subfield code="a">056709653X</subfield><subfield code="q">vol. 1</subfield></datafield><datafield ind1=" " ind2=" " tag="020"><subfield code="a">0567085422</subfield><subfield code="q">vol. 2</subfield></datafield><datafield ind1=" " ind2=" " tag="035"><subfield code="a">(swissbib)239200772-41slsp_network</subfield></datafield><datafield ind1=" " ind2=" " tag="035"><subfield code="a">239200772</subfield><subfield code="9">ExL</subfield></datafield><datafield ind1=" " ind2=" " tag="035"><subfield code="a">(RERO)2080762-41slsp</subfield></datafield><datafield ind1=" " ind2=" " tag="035"><subfield code="a">(SBT)000486378SBT01</subfield></datafield><datafield ind1=" " ind2=" " tag="035"><subfield code="a">(NEBIS)007882026EBI01</subfield></datafield><datafield ind1=" " ind2=" " tag="035"><subfield code="a">(EXLNZ-41SLSP_NETWORK)991157024469705501</subfield></datafield><datafield ind1=" " ind2=" " tag="040"><subfield code="a">RERO labcud</subfield><subfield code="d">CH-ZuSLS</subfield></datafield><datafield ind1=" " ind2="7" tag="072"><subfield code="a">th</subfield><subfield code="2">rero</subfield></datafield><datafield ind1="1" ind2=" " tag="080"><subfield code="a">22.07ICC</subfield></datafield><datafield ind1="1" ind2=" " tag="100"><subfield code="a">Barrett, Charles Kingsley</subfield><subfield code="d">1917-2011</subfield><subfield code="0">(IDREF)028582381</subfield><subfield code="4">cre</subfield></datafield><datafield ind1="1" ind2="0" tag="245"><subfield code="a">&lt;&lt;A&gt;&gt; critical and exegetical commentary on the Acts of the Apostles</subfield><subfield code="c">by C.K. Barrett</subfield></datafield><datafield ind1=" " ind2="1" tag="264"><subfield code="a">Edinburgh</subfield><subfield code="b">T. &amp; T. Clark</subfield><subfield code="c">1994-1998</subfield></datafield><datafield ind1=" " ind2=" " tag="300"><subfield code="a">2 vol. (XXIII, 1272 p.)</subfield><subfield code="c">22 cm</subfield></datafield><datafield ind1=" " ind2=" " tag="336"><subfield code="b">txt</subfield><subfield code="2">rdacontent</subfield></datafield><datafield ind1=" " ind2=" " tag="337"><subfield code="b">n</subfield><subfield code="2">rdamedia</subfield></datafield><datafield ind1=" " ind2=" " tag="338"><subfield code="b">nc</subfield><subfield code="2">rdacarrier</subfield></datafield><datafield ind1="1" ind2=" " tag="490"><subfield code="a">The international critical commentary</subfield></datafield><datafield ind1=" " ind2=" " tag="500"><subfield code="a">Vol. 1: Preliminary introduction and commentary on Acts I-XIV. Vol. 2: Introduction and commentary on Acts XV-XXVIII</subfield></datafield><datafield ind1="0" ind2="0" tag="505"><subfield code="g">Vol. 1</subfield><subfield code="t">Preliminary introduction and commentary on acts I-XIV</subfield></datafield><datafield ind1="0" ind2="0" tag="505"><subfield code="g">Vol. 2</subfield><subfield code="t">Introduction and commentary on acts XV-XXVIII</subfield></datafield><datafield ind1="0" ind2="0" tag="505"><subfield code="g">Vol. 1</subfield><subfield code="t">Preliminary introduction and commentary on Acts 1-14</subfield></datafield><datafield ind1="0" ind2="0" tag="505"><subfield code="g">Vol. 2</subfield><subfield code="t">Introduction and commentary on Acts 15-28</subfield></datafield><datafield ind1="0" ind2="7" tag="630"><subfield code="a">Bible</subfield><subfield code="p">NT</subfield><subfield code="p">Actes des apôtres</subfield><subfield code="0">(RERO)A009967472</subfield><subfield code="2">rero</subfield></datafield><datafield ind1=" " ind2="7" tag="655"><subfield code="a">Commentaire de texte</subfield><subfield code="0">(IDREF)27790681</subfield><subfield code="2">idref</subfield></datafield><datafield ind1=" " ind2=" " tag="691"><subfield code="e">220.7</subfield><subfield code="a">Bibbia. Commenti</subfield><subfield code="2">usi-TE</subfield></datafield><datafield ind1="0" ind2=" " tag="730"><subfield code="a">Bibbia</subfield><subfield code="n">208</subfield><subfield code="p">NT</subfield><subfield code="p">Atti degli apostoli</subfield><subfield code="k">Commento</subfield></datafield><datafield ind1="0" ind2=" " tag="730"><subfield code="a">Bible</subfield><subfield code="n">208</subfield><subfield code="p">N.T</subfield><subfield code="p">Actes des apôtres</subfield><subfield code="l">Anglais</subfield></datafield><datafield ind1=" " ind2=" " tag="830"><subfield code="a">&lt;&lt;The&gt;&gt; international critical commentary on the Holy Scriptures of the Old and New Testaments</subfield><subfield code="v">NT/20</subfield><subfield code="w">(SBT)000308878SBT01</subfield></datafield><datafield ind1=" " ind2=" " tag="830"><subfield code="a">&lt;&lt;The&gt;&gt; International critical commentary on the Holy Scriptures of the Old and New Testaments</subfield><subfield code="w">(RERO)0566194-41slsp</subfield></datafield><datafield ind1=" " ind2=" " tag="900"><subfield code="a">REROnoselfmerge</subfield></datafield></record>
</metadata></record>