<record><header><identifier>oai:alma.41SLSP_UGE:991000005799705502</identifier><datestamp>2023-04-17T00:12:39Z</datestamp><setSpec>uge_bcen_RapidILL_BOOK</setSpec><setSpec>uge_aaca_RapidILL_BOOK</setSpec><setSpec>uge_abels_RapidILL_BOOK</setSpec><setSpec>uge_dbu_RapidILL_BOOK</setSpec><setSpec>uge_cmu_RapidILL_BOOK</setSpec><setSpec>uge_mail_RapidILL_BOOK</setSpec><setSpec>uge_abbat_RapidILL_BOOK</setSpec><setSpec>UNIGE_ALL</setSpec><setSpec>uge_aobs_RapidILL_BOOK</setSpec><setSpec>uge_acar_RapidILL_BOOK</setSpec></header><metadata>
<record xmlns="http://www.loc.gov/MARC21/slim" xmlns:xsi="http://www.w3.org/2001/XMLSchema-instance" xsi:schemaLocation="http://www.loc.gov/MARC21/slim http://www.loc.gov/standards/marcxml/schema/MARC21slim.xsd"><leader>01553nam a2200397 c 4500</leader><controlfield tag="001">991000005799705502</controlfield><controlfield tag="005">20230416105549.0</controlfield><controlfield tag="008">201011s1993    it ||||| |||| 00| ||ita d</controlfield><datafield ind1=" " ind2=" " tag="020"><subfield code="a">8870002039</subfield></datafield><datafield ind1=" " ind2=" " tag="035"><subfield code="a">(swissbib)215358597-41slsp_network</subfield></datafield><datafield ind1=" " ind2=" " tag="035"><subfield code="a">215358597</subfield><subfield code="9">ExL</subfield></datafield><datafield ind1=" " ind2=" " tag="035"><subfield code="a">(RERO)1866056-41slsp</subfield></datafield><datafield ind1=" " ind2=" " tag="035"><subfield code="a">(IDSBB)001016763DSV01</subfield></datafield><datafield ind1=" " ind2=" " tag="035"><subfield code="a">(IDSSG)000069686HSB01</subfield></datafield><datafield ind1=" " ind2=" " tag="035"><subfield code="a">(EXLNZ-41SLSP_NETWORK)991158088979705501</subfield></datafield><datafield ind1=" " ind2=" " tag="040"><subfield code="a">RERO neubfl</subfield><subfield code="d">CH-ZuSLS</subfield></datafield><datafield ind1=" " ind2="7" tag="072"><subfield code="a">it</subfield><subfield code="2">rero</subfield></datafield><datafield ind1=" " ind2="7" tag="072"><subfield code="a">it</subfield><subfield code="2">SzZuIDS BS/BE</subfield></datafield><datafield ind1=" " ind2=" " tag="084"><subfield code="a">IV 29601</subfield><subfield code="2">rvk</subfield></datafield><datafield ind1="1" ind2=" " tag="100"><subfield code="a">Surdich, Luigi</subfield><subfield code="d">1946-</subfield><subfield code="0">(DE-588)172391431</subfield><subfield code="6">880-01</subfield></datafield><datafield ind1="1" ind2=" " tag="880"><subfield code="6">100-01</subfield><subfield code="a">Surdich, Luigi</subfield><subfield code="0">(IDREF)034022635</subfield><subfield code="4">cre</subfield></datafield><datafield ind1="1" ind2="0" tag="245"><subfield code="a">Guido Gozzano</subfield><subfield code="b">l'avventura esotica</subfield><subfield code="c">Luigi Surdich</subfield></datafield><datafield ind1=" " ind2="1" tag="264"><subfield code="a">Modena</subfield><subfield code="b">Mucchi</subfield><subfield code="c">1993</subfield></datafield><datafield ind1=" " ind2=" " tag="300"><subfield code="a">37 p.</subfield><subfield code="c">21 cm</subfield></datafield><datafield ind1=" " ind2=" " tag="336"><subfield code="b">txt</subfield><subfield code="2">rdacontent</subfield></datafield><datafield ind1=" " ind2=" " tag="337"><subfield code="b">n</subfield><subfield code="2">rdamedia</subfield></datafield><datafield ind1=" " ind2=" " tag="338"><subfield code="b">nc</subfield><subfield code="2">rdacarrier</subfield></datafield><datafield ind1="1" ind2=" " tag="490"><subfield code="a">Ghirlandina di classici italiani del Novecento</subfield><subfield code="v">14</subfield></datafield><datafield ind1=" " ind2=" " tag="500"><subfield code="a">La p. de t. porte : Società Dante Alighieri Comitato provinciale di Modena</subfield></datafield><datafield ind1=" " ind2=" " tag="504"><subfield code="a">Literaturverzeichnis S. 37</subfield></datafield><datafield ind1="1" ind2="7" tag="600"><subfield code="a">Gozzano, Guido</subfield><subfield code="d">1883-1916</subfield><subfield code="0">(IDREF)028509102</subfield><subfield code="2">idref</subfield></datafield><datafield ind1="1" ind2="7" tag="600"><subfield code="a">Gozzano, Guido</subfield><subfield code="2">idsbb</subfield></datafield><datafield ind1="1" ind2="7" tag="600"><subfield code="a">Gozzano, Guido</subfield><subfield code="d">1883-1916</subfield><subfield code="0">(DE-588)118718347</subfield><subfield code="2">gnd</subfield></datafield><datafield ind1="4" ind2=" " tag="856"><subfield code="3">Inhaltsverzeichnis</subfield><subfield code="u">http://www.ub.unibas.ch/tox/HBZ/HT006443772/PDF</subfield><subfield code="q">pdf</subfield></datafield><datafield ind1=" " ind2="0" tag="830"><subfield code="a">Ghirlandina di classici italiani del Novecento</subfield><subfield code="v">14</subfield><subfield code="w">(RERO)1498106-41slsp</subfield></datafield><datafield ind1=" " ind2="0" tag="830"><subfield code="a">Ghirlandina di classici italiani</subfield><subfield code="p">Incontri col Novecento</subfield><subfield code="v">14</subfield><subfield code="w">(IDSBB)000728534DSV01</subfield></datafield><datafield ind1=" " ind2=" " tag="949"><subfield code="a">http://www.ub.unibas.ch/tox/HBZ/HT006443772/PDF</subfield></datafield><datafield ind1=" " ind2=" " tag="993"><subfield code="a">BFLT 1346</subfield><subfield code="x">ge/ulit/a/95/196</subfield><subfield code="9">LOCAL</subfield></datafield></record>
</metadata></record>