<record><header><identifier>oai:alma.41SLSP_UGE:991000006109705502</identifier><datestamp>2024-09-21T00:22:49Z</datestamp><setSpec>uge_bcen_RapidILL_BOOK</setSpec><setSpec>uge_aaca_RapidILL_BOOK</setSpec><setSpec>uge_abels_RapidILL_BOOK</setSpec><setSpec>uge_dbu_RapidILL_BOOK</setSpec><setSpec>uge_cmu_RapidILL_BOOK</setSpec><setSpec>uge_mail_RapidILL_BOOK</setSpec><setSpec>uge_abbat_RapidILL_BOOK</setSpec><setSpec>UNIGE_ALL</setSpec><setSpec>uge_aobs_RapidILL_BOOK</setSpec><setSpec>uge_acar_RapidILL_BOOK</setSpec></header><metadata>
<record xmlns="http://www.loc.gov/MARC21/slim" xmlns:xsi="http://www.w3.org/2001/XMLSchema-instance" xsi:schemaLocation="http://www.loc.gov/MARC21/slim http://www.loc.gov/standards/marcxml/schema/MARC21slim.xsd"><leader>01331nam a2200373 c 4500</leader><controlfield tag="001">991000006109705502</controlfield><controlfield tag="005">20240920211647.0</controlfield><controlfield tag="008">201011s1975    sp ||||| |||| 00| ||spa d</controlfield><datafield ind1=" " ind2=" " tag="020"><subfield code="a">8420620440</subfield></datafield><datafield ind1=" " ind2=" " tag="035"><subfield code="a">(swissbib)220671567-41slsp_network</subfield></datafield><datafield ind1=" " ind2=" " tag="035"><subfield code="a">220671567</subfield><subfield code="9">ExL</subfield></datafield><datafield ind1=" " ind2=" " tag="035"><subfield code="a">(RERO)R003073983-41slsp</subfield></datafield><datafield ind1=" " ind2=" " tag="035"><subfield code="a">(IDSBB)000146876DSV01</subfield></datafield><datafield ind1=" " ind2=" " tag="035"><subfield code="a">(IDSSG)000436279HSB01</subfield></datafield><datafield ind1=" " ind2=" " tag="035"><subfield code="a">(EXLNZ-41SLSP_NETWORK)991117295019705501</subfield></datafield><datafield ind1=" " ind2=" " tag="040"><subfield code="a">RERO neubfl</subfield><subfield code="d">CH-ZuSLS</subfield></datafield><datafield ind1=" " ind2="7" tag="072"><subfield code="a">hg</subfield><subfield code="2">rero</subfield></datafield><datafield ind1=" " ind2="7" tag="072"><subfield code="a">ga</subfield><subfield code="2">SzZuIDS BS/BE</subfield></datafield><datafield ind1="1" ind2="4" tag="082"><subfield code="a">900</subfield><subfield code="2">15</subfield></datafield><datafield ind1="1" ind2=" " tag="100"><subfield code="a">Anes Álvarez, Gonzalo</subfield><subfield code="d">1931-2014</subfield><subfield code="0">(IDREF)028770374</subfield><subfield code="4">cre</subfield></datafield><datafield ind1="1" ind2="0" tag="245"><subfield code="a">&lt;&lt;El&gt;&gt; Antiguo Régimen</subfield><subfield code="b">los Borbones</subfield><subfield code="c">Gonzalo Anes</subfield></datafield><datafield ind1=" " ind2="1" tag="264"><subfield code="a">Madrid</subfield><subfield code="b">Alianza ed. [etc.]</subfield><subfield code="c">1975</subfield></datafield><datafield ind1=" " ind2=" " tag="300"><subfield code="a">513 S., Kart.</subfield><subfield code="b">Ill.</subfield><subfield code="c">8'</subfield></datafield><datafield ind1=" " ind2=" " tag="336"><subfield code="b">txt</subfield><subfield code="2">rdacontent</subfield></datafield><datafield ind1=" " ind2=" " tag="337"><subfield code="b">n</subfield><subfield code="2">rdamedia</subfield></datafield><datafield ind1=" " ind2=" " tag="338"><subfield code="b">nc</subfield><subfield code="2">rdacarrier</subfield></datafield><datafield ind1="1" ind2=" " tag="490"><subfield code="a">Alianza universidad</subfield><subfield code="v">44</subfield></datafield><datafield ind1="1" ind2=" " tag="490"><subfield code="a">Historia de España Alfaguara</subfield><subfield code="v">4</subfield></datafield><datafield ind1=" " ind2=" " tag="690"><subfield code="a">Spanien.18.Jh.</subfield><subfield code="2">ubs-AF</subfield></datafield><datafield ind1="1" ind2=" " tag="700"><subfield code="a">Anes y Álvarez de Castrillón, Gonzalo</subfield><subfield code="d">1931-2014</subfield><subfield code="0">(DE-588)132594595</subfield></datafield><datafield ind1=" " ind2=" " tag="830"><subfield code="a">Historia de España Alfaguara</subfield><subfield code="v">4</subfield><subfield code="w">(IDSBB)000323522DSV01</subfield></datafield><datafield ind1=" " ind2=" " tag="830"><subfield code="a">Historia de España Alfaguara</subfield><subfield code="v">4</subfield><subfield code="w">(RERO)0042322-41slsp</subfield></datafield><datafield ind1=" " ind2=" " tag="830"><subfield code="a">Historia de España Alfaguara</subfield><subfield code="v">4</subfield><subfield code="w">(IDSSG)000436272HSB01</subfield></datafield><datafield ind1=" " ind2=" " tag="830"><subfield code="a">Alianza universidad</subfield><subfield code="v">44</subfield><subfield code="w">(RERO)0463706-41slsp</subfield></datafield><datafield ind1=" " ind2=" " tag="900"><subfield code="a">REROnoselfmerge</subfield></datafield></record>
</metadata></record>