<record><header><identifier>oai:alma.41SLSP_UGE:991000005899705502</identifier><datestamp>2023-03-29T00:15:42Z</datestamp><setSpec>uge_bcen_RapidILL_BOOK</setSpec><setSpec>uge_aaca_RapidILL_BOOK</setSpec><setSpec>uge_abels_RapidILL_BOOK</setSpec><setSpec>uge_dbu_RapidILL_BOOK</setSpec><setSpec>uge_cmu_RapidILL_BOOK</setSpec><setSpec>uge_mail_RapidILL_BOOK</setSpec><setSpec>uge_abbat_RapidILL_BOOK</setSpec><setSpec>UNIGE_ALL</setSpec><setSpec>uge_aobs_RapidILL_BOOK</setSpec><setSpec>uge_acar_RapidILL_BOOK</setSpec></header><metadata>
<record xmlns="http://www.loc.gov/MARC21/slim" xmlns:xsi="http://www.w3.org/2001/XMLSchema-instance" xsi:schemaLocation="http://www.loc.gov/MARC21/slim http://www.loc.gov/standards/marcxml/schema/MARC21slim.xsd"><leader>01744nam a2200433 c 4500</leader><controlfield tag="001">991000005899705502</controlfield><controlfield tag="005">20230328195838.0</controlfield><controlfield tag="008">201011s2007    xxc||||| |||| 00| ||fre d</controlfield><datafield ind1=" " ind2=" " tag="020"><subfield code="a">9782891059671</subfield></datafield><datafield ind1=" " ind2=" " tag="035"><subfield code="a">(swissbib)226687007-41slsp_network</subfield></datafield><datafield ind1=" " ind2=" " tag="035"><subfield code="a">226687007</subfield><subfield code="9">ExL</subfield></datafield><datafield ind1=" " ind2=" " tag="035"><subfield code="a">(RERO)R004690014-41slsp</subfield></datafield><datafield ind1=" " ind2=" " tag="035"><subfield code="a">(NEBIS)005456288EBI01</subfield></datafield><datafield ind1=" " ind2=" " tag="035"><subfield code="a">(EXLNZ-41SLSP_NETWORK)991024025839705501</subfield></datafield><datafield ind1=" " ind2=" " tag="040"><subfield code="a">RERO juarcd</subfield><subfield code="d">CH-ZuSLS</subfield></datafield><datafield ind1=" " ind2="7" tag="072"><subfield code="a">ps</subfield><subfield code="2">rero</subfield></datafield><datafield ind1="1" ind2=" " tag="080"><subfield code="a">331.4</subfield></datafield><datafield ind1="0" ind2="0" tag="245"><subfield code="a">Psychologie du travail et comportement organisationnel</subfield><subfield code="c">Shimon L. Dolan .... [et al.]</subfield></datafield><datafield ind1=" " ind2=" " tag="250"><subfield code="a">3e éd.</subfield></datafield><datafield ind1=" " ind2="1" tag="264"><subfield code="a">Montréal [etc.]</subfield><subfield code="b">G. Morin</subfield><subfield code="c">2007</subfield></datafield><datafield ind1=" " ind2=" " tag="300"><subfield code="a">XVIII, 494 p.</subfield><subfield code="b">ill.</subfield></datafield><datafield ind1=" " ind2=" " tag="336"><subfield code="b">txt</subfield><subfield code="2">rdacontent</subfield></datafield><datafield ind1=" " ind2=" " tag="337"><subfield code="b">n</subfield><subfield code="2">rdamedia</subfield></datafield><datafield ind1=" " ind2=" " tag="338"><subfield code="b">nc</subfield><subfield code="2">rdacarrier</subfield></datafield><datafield ind1="0" ind2=" " tag="490"><subfield code="a">Chenelière Education</subfield></datafield><datafield ind1=" " ind2=" " tag="500"><subfield code="a">Paru précédemment sous le titre: Psychologie du travail et des organisations</subfield></datafield><datafield ind1=" " ind2=" " tag="500"><subfield code="a">Publ. antérieurement sous le titre : Psychologie du travail et des organisations</subfield></datafield><datafield ind1=" " ind2="7" tag="650"><subfield code="a">Psychologie du travail</subfield><subfield code="0">(IDREF)027479927</subfield><subfield code="2">idref</subfield></datafield><datafield ind1=" " ind2="7" tag="650"><subfield code="a">Psychologie des organisations</subfield><subfield code="0">(IDREF)090263022</subfield><subfield code="2">idref</subfield></datafield><datafield ind1=" " ind2="7" tag="650"><subfield code="a">Travail</subfield><subfield code="0">(IDREF)027736067</subfield><subfield code="2">idref</subfield></datafield><datafield ind1=" " ind2="7" tag="650"><subfield code="a">Psychologie</subfield><subfield code="0">(IDREF)027346900</subfield><subfield code="2">idref</subfield></datafield><datafield ind1=" " ind2="7" tag="650"><subfield code="a">Comportement organisationnel</subfield><subfield code="0">(IDREF)028687698</subfield><subfield code="2">idref</subfield></datafield><datafield ind1=" " ind2="7" tag="650"><subfield code="a">PSYCHOLOGIE D'ENTREPRISE + PSYCHOLOGIE DU TRAVAIL + PSYCHOLOGIE DES ORGANISATIONS</subfield><subfield code="9">fre</subfield><subfield code="0">(ETHUDK)000032238</subfield><subfield code="2">ethudk</subfield></datafield><datafield ind1=" " ind2="7" tag="650"><subfield code="a">PSYCHOLOGIE DE GESTION</subfield><subfield code="9">fre</subfield><subfield code="0">(ETHUDK)000060379</subfield><subfield code="2">ethudk</subfield></datafield><datafield ind1=" " ind2="7" tag="650"><subfield code="a">RESSOURCES HUMAINES</subfield><subfield code="9">fre</subfield><subfield code="0">(ETHUDK)000058890</subfield><subfield code="2">ethudk</subfield></datafield><datafield ind1=" " ind2="7" tag="655"><subfield code="a">Manuels d'enseignement</subfield><subfield code="0">(IDREF)027446514</subfield><subfield code="2">idref</subfield></datafield><datafield ind1="1" ind2=" " tag="700"><subfield code="a">Gosselin, Eric</subfield></datafield><datafield ind1="1" ind2=" " tag="700"><subfield code="a">Carrière, Jules</subfield></datafield><datafield ind1="1" ind2=" " tag="700"><subfield code="a">Dolan, Simon L.</subfield><subfield code="d">1947-....</subfield><subfield code="0">(IDREF)035196475</subfield></datafield><datafield ind1=" " ind2=" " tag="900"><subfield code="a">REROnoselfmerge</subfield></datafield></record>
</metadata></record>