<record><header><identifier>oai:alma.41SLSP_UGE:991000005689705502</identifier><datestamp>2023-03-03T01:08:27Z</datestamp><setSpec>uge_bcen_RapidILL_BOOK</setSpec><setSpec>uge_aaca_RapidILL_BOOK</setSpec><setSpec>uge_abels_RapidILL_BOOK</setSpec><setSpec>uge_dbu_RapidILL_BOOK</setSpec><setSpec>uge_cmu_RapidILL_BOOK</setSpec><setSpec>uge_mail_RapidILL_BOOK</setSpec><setSpec>uge_abbat_RapidILL_BOOK</setSpec><setSpec>UNIGE_ALL</setSpec><setSpec>uge_acar_RapidILL_BOOK</setSpec><setSpec>uge_aobs_RapidILL_BOOK</setSpec></header><metadata>
<record xmlns="http://www.loc.gov/MARC21/slim" xmlns:xsi="http://www.w3.org/2001/XMLSchema-instance" xsi:schemaLocation="http://www.loc.gov/MARC21/slim http://www.loc.gov/standards/marcxml/schema/MARC21slim.xsd"><leader>01443nam a2200325 c 4500</leader><controlfield tag="001">991000005689705502</controlfield><controlfield tag="005">20230302184621.0</controlfield><controlfield tag="008">000829s1991    be ||||| |||| 00| ||fre d</controlfield><datafield ind1=" " ind2=" " tag="020"><subfield code="a">2870094469</subfield></datafield><datafield ind1="7" ind2=" " tag="024"><subfield code="a">http://catalogue.bnf.fr/ark:/12148/cb36668385f</subfield><subfield code="2">uri</subfield></datafield><datafield ind1=" " ind2=" " tag="035"><subfield code="a">(swissbib)086164120-41slsp_network</subfield></datafield><datafield ind1=" " ind2=" " tag="035"><subfield code="a">086164120</subfield><subfield code="9">ExL</subfield></datafield><datafield ind1=" " ind2=" " tag="035"><subfield code="a">(RERO)1468705-41slsp</subfield></datafield><datafield ind1=" " ind2=" " tag="035"><subfield code="a">(EXLNZ-41SLSP_NETWORK)991158343959705501</subfield></datafield><datafield ind1=" " ind2=" " tag="040"><subfield code="a">RERO geuarc</subfield><subfield code="d">CH-ZuSLS</subfield></datafield><datafield ind1=" " ind2="7" tag="072"><subfield code="a">at</subfield><subfield code="2">rero</subfield></datafield><datafield ind1="0" ind2="0" tag="245"><subfield code="a">Archives d'architecture du XXe siècle</subfield><subfield code="c">[réalisé par l'Institut français d'architecture, Département Archives et Histoire ; avec le concours de la Direction des archives de France et du Bureau de la recherche architecturale du Ministère de l'équipement, du logement des transports et de la mer]</subfield></datafield><datafield ind1=" " ind2="1" tag="264"><subfield code="a">Liège</subfield><subfield code="b">Mardaga</subfield><subfield code="c">[1991]</subfield></datafield><datafield ind1=" " ind2="4" tag="264"><subfield code="c">© 1991</subfield></datafield><datafield ind1=" " ind2=" " tag="300"><subfield code="a">510 p.</subfield><subfield code="b">fig., photogr.</subfield><subfield code="c">28 cm</subfield></datafield><datafield ind1=" " ind2=" " tag="336"><subfield code="b">txt</subfield><subfield code="2">rdacontent</subfield></datafield><datafield ind1=" " ind2=" " tag="337"><subfield code="b">n</subfield><subfield code="2">rdamedia</subfield></datafield><datafield ind1=" " ind2=" " tag="338"><subfield code="b">nc</subfield><subfield code="2">rdacarrier</subfield></datafield><datafield ind1=" " ind2="7" tag="650"><subfield code="a">Architecture</subfield><subfield code="0">(IDREF)027228983</subfield><subfield code="2">idref</subfield></datafield><datafield ind1=" " ind2="7" tag="650"><subfield code="a">Archives</subfield><subfield code="0">(IDREF)027366022</subfield><subfield code="2">idref</subfield></datafield><datafield ind1=" " ind2="7" tag="650"><subfield code="a">20e siècle</subfield><subfield code="0">(IDREF)086305646</subfield><subfield code="2">idref</subfield></datafield><datafield ind1=" " ind2="7" tag="650"><subfield code="a">Architecture française</subfield><subfield code="0">(IDREF)028220668</subfield><subfield code="2">idref</subfield></datafield><datafield ind1=" " ind2="7" tag="655"><subfield code="a">Catalogues</subfield><subfield code="0">(IDREF)027793222</subfield><subfield code="2">idref</subfield></datafield><datafield ind1="2" ind2=" " tag="710"><subfield code="a">France</subfield><subfield code="b">Direction de l'architecture et de l'urbanisme</subfield><subfield code="g">1985-1996</subfield><subfield code="0">(IDREF)028041607</subfield></datafield><datafield ind1="2" ind2=" " tag="710"><subfield code="a">Institut français d'architecture</subfield><subfield code="b">Département Archives et histoire</subfield><subfield code="0">(IDREF)02653715X</subfield></datafield><datafield ind1=" " ind2=" " tag="900"><subfield code="a">REROnoselfmerge</subfield></datafield><datafield ind1=" " ind2=" " tag="993"><subfield code="a">BFLB 11581/1</subfield><subfield code="x">ge/ulha/a/93/30</subfield><subfield code="9">LOCAL</subfield></datafield></record>
</metadata></record>