<record><header><identifier>oai:alma.41SLSP_UGE:991011969421805502</identifier><datestamp>2023-11-09T01:46:01Z</datestamp><setSpec>UNIGE_ALL</setSpec></header><metadata>
<record xmlns="http://www.loc.gov/MARC21/slim" xmlns:xsi="http://www.w3.org/2001/XMLSchema-instance" xsi:schemaLocation="http://www.loc.gov/MARC21/slim http://www.loc.gov/standards/marcxml/schema/MARC21slim.xsd"><leader>02654nam a2200313 i 4500</leader><controlfield tag="001">991011969421805502</controlfield><controlfield tag="005">20230929172023.0</controlfield><controlfield tag="006">m     o  d        </controlfield><controlfield tag="007">cr |||||||||||</controlfield><controlfield tag="008">230929s2023    fr      o     000 0 fre d</controlfield><datafield ind1=" " ind2=" " tag="020"><subfield code="a">2-348-07887-2</subfield></datafield><datafield ind1=" " ind2=" " tag="035"><subfield code="a">(CKB)5600000000591577</subfield></datafield><datafield ind1=" " ind2=" " tag="035"><subfield code="a">(NjHacI)995600000000591577</subfield></datafield><datafield ind1=" " ind2=" " tag="035"><subfield code="a">(PPN)27035378X</subfield></datafield><datafield ind1=" " ind2=" " tag="035"><subfield code="a">(EXLCZ)995600000000591577</subfield></datafield><datafield ind1=" " ind2=" " tag="040"><subfield code="a">NjHacI</subfield><subfield code="b">eng</subfield><subfield code="e">rda</subfield><subfield code="c">NjHacl</subfield></datafield><datafield ind1=" " ind2="4" tag="050"><subfield code="a">HB501</subfield><subfield code="b">.M346 2023</subfield></datafield><datafield ind1="0" ind2="4" tag="082"><subfield code="a">330.122</subfield><subfield code="2">23</subfield></datafield><datafield ind1="1" ind2=" " tag="100"><subfield code="a">Mbembe, Joseph-Achille,</subfield><subfield code="e">author.</subfield></datafield><datafield ind1="1" ind2="0" tag="245"><subfield code="a">Brutalisme /</subfield><subfield code="c">Joseph-Achille Mbembe.</subfield></datafield><datafield ind1=" " ind2="1" tag="264"><subfield code="a">Paris (9bis, rue Abel Hovelacque 75013) :</subfield><subfield code="b">La Découverte,</subfield><subfield code="c">2023.</subfield></datafield><datafield ind1=" " ind2=" " tag="300"><subfield code="a">1 online resource (288 pages).</subfield></datafield><datafield ind1=" " ind2=" " tag="336"><subfield code="a">text</subfield><subfield code="b">txt</subfield><subfield code="2">rdacontent</subfield></datafield><datafield ind1=" " ind2=" " tag="337"><subfield code="a">computer</subfield><subfield code="b">c</subfield><subfield code="2">rdamedia</subfield></datafield><datafield ind1=" " ind2=" " tag="338"><subfield code="a">online resource</subfield><subfield code="b">cr</subfield><subfield code="2">rdacarrier</subfield></datafield><datafield ind1="0" ind2=" " tag="490"><subfield code="a">La Découverte-poche (Paris), 567</subfield></datafield><datafield ind1=" " ind2=" " tag="588"><subfield code="a">Description based on publisher supplied metadata and other sources.</subfield></datafield><datafield ind1=" " ind2=" " tag="520"><subfield code="a">« Toutes les sphères de l'existence sont désormais pénétrées par le capital, et la mise en ordre des sociétés humaines s'effectue dorénavant selon une seule et même directive, celle de la computation numérique. Mais alors que tout pousse vers une unification sans précédent de la planète, le vieux monde des corps et des distances, de la matière et des étendues, des espaces et des frontières, persiste en se métamorphosant. Cette transformation de l'horizon du calcul se conjugue paradoxalement avec un retour spectaculaire de l'animisme, qui s'exprime non sur le modèle du culte des ancêtres, mais du culte de soi et de nos multiples doubles que sont les objets. Avec le devenir-artificiel de l'humanité et son pendant, le devenir-humain des machines, une sorte d'épreuve existentielle est donc engagée. L'être ne s'éprouve plus désormais qu'en tant qu'assemblage indissociablement humain et non humain. La transformation de la force en dernier mot de la vérité de l'être signe l'entrée dans le dernier âge de l'homme, celui de l'être fabricable dans un monde fabriqué. A cet âge, Achille Mbembe donne ici le nom de brutalisme, le grand fardeau de fer de notre époque, le poids des matières brutes. La transformation de l'humanité en matière et énergie est le projet ultime du brutalisme. En détaillant la monumentalité et le gigantisme d'un tel projet, cet essai plaide en faveur d'une refondation de la communauté des humains en solidarité avec l'ensemble du vivant, qui n'adviendra cependant qu'à condition de réparer ce qui ã été brisé »-- résumé de l'éditeur.</subfield></datafield><datafield ind1=" " ind2="0" tag="650"><subfield code="a">Capitalism.</subfield></datafield><datafield ind1=" " ind2=" " tag="776"><subfield code="z">2-348-07805-8</subfield></datafield><datafield ind1=" " ind2=" " tag="906"><subfield code="a">BOOK</subfield></datafield></record>
</metadata></record>