<record><header><identifier>oai:alma.41SLSP_UGE:991000006209705502</identifier><datestamp>2023-06-20T00:18:52Z</datestamp><setSpec>uge_bcen_RapidILL_BOOK</setSpec><setSpec>uge_aaca_RapidILL_BOOK</setSpec><setSpec>uge_abels_RapidILL_BOOK</setSpec><setSpec>uge_dbu_RapidILL_BOOK</setSpec><setSpec>uge_cmu_RapidILL_BOOK</setSpec><setSpec>uge_mail_RapidILL_BOOK</setSpec><setSpec>uge_abbat_RapidILL_BOOK</setSpec><setSpec>UNIGE_ALL</setSpec><setSpec>uge_aobs_RapidILL_BOOK</setSpec><setSpec>uge_acar_RapidILL_BOOK</setSpec></header><metadata>
<record xmlns="http://www.loc.gov/MARC21/slim" xmlns:xsi="http://www.w3.org/2001/XMLSchema-instance" xsi:schemaLocation="http://www.loc.gov/MARC21/slim http://www.loc.gov/standards/marcxml/schema/MARC21slim.xsd"><leader>01887nam a2200481 c 4500</leader><controlfield tag="001">991000006209705502</controlfield><controlfield tag="005">20230619204051.0</controlfield><controlfield tag="008">201011s2003    xxk||||| |||| 00| ||eng d</controlfield><datafield ind1=" " ind2=" " tag="015"><subfield code="a">GBA3-18014</subfield></datafield><datafield ind1=" " ind2=" " tag="020"><subfield code="a">0826462073</subfield><subfield code="c">No price</subfield></datafield><datafield ind1=" " ind2=" " tag="035"><subfield code="a">(swissbib)229429548-41slsp_network</subfield></datafield><datafield ind1=" " ind2=" " tag="035"><subfield code="a">229429548</subfield><subfield code="9">ExL</subfield></datafield><datafield ind1=" " ind2=" " tag="035"><subfield code="a">(RERO)R003312909-41slsp</subfield></datafield><datafield ind1=" " ind2=" " tag="035"><subfield code="a">(NEBIS)005420512EBI01</subfield></datafield><datafield ind1=" " ind2=" " tag="035"><subfield code="a">(Uk)gb-A3018014-</subfield></datafield><datafield ind1=" " ind2=" " tag="035"><subfield code="a">(EXLNZ-41SLSP_NETWORK)991000151099705501</subfield></datafield><datafield ind1=" " ind2=" " tag="040"><subfield code="a">RERO geuth-</subfield><subfield code="d">CH-ZuSLS</subfield></datafield><datafield ind1=" " ind2="7" tag="072"><subfield code="a">th</subfield><subfield code="2">rero</subfield></datafield><datafield ind1="0" ind2="0" tag="082"><subfield code="a">227.706</subfield></datafield><datafield ind1="1" ind2=" " tag="100"><subfield code="a">Bevere, Allan R.</subfield><subfield code="0">(IDREF)235016403</subfield><subfield code="4">cre</subfield></datafield><datafield ind1="1" ind2="0" tag="245"><subfield code="a">Sharing in the inheritance</subfield><subfield code="b">identity and the moral life in Colossians</subfield><subfield code="c">Allan R. Bevere</subfield></datafield><datafield ind1=" " ind2="1" tag="264"><subfield code="a">London</subfield><subfield code="b">Sheffield Academic Press</subfield><subfield code="c">[2003]</subfield></datafield><datafield ind1=" " ind2="4" tag="264"><subfield code="c">© 2003</subfield></datafield><datafield ind1=" " ind2=" " tag="300"><subfield code="a">X, 294 p.</subfield><subfield code="c">24 cm</subfield></datafield><datafield ind1=" " ind2=" " tag="336"><subfield code="b">txt</subfield><subfield code="2">rdacontent</subfield></datafield><datafield ind1=" " ind2=" " tag="337"><subfield code="b">n</subfield><subfield code="2">rdamedia</subfield></datafield><datafield ind1=" " ind2=" " tag="338"><subfield code="b">nc</subfield><subfield code="2">rdacarrier</subfield></datafield><datafield ind1="1" ind2=" " tag="490"><subfield code="a">Journal for the study of the New Testament. Supplement series</subfield><subfield code="v">226</subfield></datafield><datafield ind1=" " ind2=" " tag="504"><subfield code="a">Includes bibliographical references and index</subfield></datafield><datafield ind1="0" ind2="7" tag="600"><subfield code="a">Paulus</subfield><subfield code="c">Apostel, Heiliger</subfield><subfield code="0">(DE-588)118641549</subfield><subfield code="2">gnd</subfield></datafield><datafield ind1="0" ind2="0" tag="600"><subfield code="a">Paul</subfield><subfield code="c">the Apostle, Saint</subfield></datafield><datafield ind1="0" ind2="7" tag="630"><subfield code="a">Bible</subfield><subfield code="p">N.T.</subfield><subfield code="p">Épîtres</subfield><subfield code="p">Paul</subfield><subfield code="p">Colossiens</subfield><subfield code="0">(IDREF)028946057</subfield><subfield code="2">idref</subfield></datafield><datafield ind1="0" ind2="7" tag="630"><subfield code="a">Kolosserbrief</subfield><subfield code="2">idszbz</subfield></datafield><datafield ind1="0" ind2="0" tag="630"><subfield code="a">Bible</subfield><subfield code="n">N.T</subfield><subfield code="p">Colossians</subfield><subfield code="x">Commentaries</subfield></datafield><datafield ind1="0" ind2="0" tag="630"><subfield code="a">Bible</subfield><subfield code="x">Commentaries</subfield><subfield code="x">Criticism, interpretation, etc</subfield></datafield><datafield ind1="0" ind2="7" tag="630"><subfield code="a">Bibel</subfield><subfield code="p">Kolosserbrief</subfield><subfield code="0">(DE-588)4075946-5</subfield><subfield code="2">gnd</subfield></datafield><datafield ind1="0" ind2="0" tag="630"><subfield code="a">Bible</subfield><subfield code="p">Colossians</subfield><subfield code="x">Commentaries</subfield></datafield><datafield ind1="0" ind2="0" tag="630"><subfield code="a">Bible</subfield><subfield code="p">Colossians</subfield><subfield code="x">Criticism, interpretation, etc</subfield></datafield><datafield ind1=" " ind2="7" tag="650"><subfield code="a">identité</subfield><subfield code="0">(RERO)A010097856</subfield><subfield code="2">rerovoc</subfield></datafield><datafield ind1=" " ind2="7" tag="650"><subfield code="a">Paränese</subfield><subfield code="2">idszbz</subfield></datafield><datafield ind1=" " ind2="7" tag="650"><subfield code="a">Paränese</subfield><subfield code="0">(DE-588)4044595-1</subfield><subfield code="2">gnd</subfield></datafield><datafield ind1=" " ind2="0" tag="650"><subfield code="a">Jewish law</subfield><subfield code="x">Biblical teaching</subfield></datafield><datafield ind1=" " ind2="0" tag="830"><subfield code="a">Journal for the study of the New Testament</subfield><subfield code="p">Supplement series</subfield><subfield code="v">226</subfield><subfield code="w">(RERO)0566209-41slsp</subfield></datafield><datafield ind1=" " ind2=" " tag="900"><subfield code="a">IDSZ2zbzmon200709p</subfield><subfield code="c">IDSZ2muew</subfield><subfield code="d">IDSZ2zbzswk200709b</subfield><subfield code="e">IDSZ2haag</subfield></datafield></record>
</metadata></record>