<record><header><identifier>oai:alma.41SLSP_UGE:991011969419905502</identifier><datestamp>2024-07-29T00:10:55Z</datestamp><setSpec>UNIGE_ALL</setSpec></header><metadata>
<record xmlns="http://www.loc.gov/MARC21/slim" xmlns:xsi="http://www.w3.org/2001/XMLSchema-instance" xsi:schemaLocation="http://www.loc.gov/MARC21/slim http://www.loc.gov/standards/marcxml/schema/MARC21slim.xsd"><leader>-----nam-a22-----z--4500</leader><controlfield tag="001">991011969419905502</controlfield><controlfield tag="005">20221018144842.0</controlfield><controlfield tag="008">230221u2021uuuuuuuuu-|-o----u|----|eng-d</controlfield><datafield ind1=" " ind2=" " tag="020"><subfield code="a">979-1-03-702349-0</subfield></datafield><datafield ind1=" " ind2=" " tag="035"><subfield code="a">(CKB)5690000000114510</subfield></datafield><datafield ind1=" " ind2=" " tag="035"><subfield code="a">(VLeBooks)9791037023490</subfield></datafield><datafield ind1=" " ind2=" " tag="035"><subfield code="a">(EXLCZ)995690000000114510</subfield></datafield><datafield ind1="0" ind2="0" tag="050"><subfield code="a">NA2540</subfield><subfield code="b">.C613 2018</subfield></datafield><datafield ind1=" " ind2=" " tag="100"><subfield code="a">Tallagrand, Didier</subfield></datafield><datafield ind1="2" ind2=" " tag="111"><subfield code="a">Colloque de Cerisy</subfield><subfield code="d">(2018 September 4-11 :</subfield><subfield code="c">Cerisy-la-Salle, France)</subfield></datafield><datafield ind1=" " ind2=" " tag="245"><subfield code="a">L'usage Des Ambiances: Une Epreuve Sensible Des Situations</subfield></datafield><datafield ind1=" " ind2=" " tag="260"><subfield code="b">Hermann</subfield></datafield><datafield ind1=" " ind2=" " tag="300"><subfield code="a">1 online resource (178 p.)</subfield></datafield><datafield ind1=" " ind2=" " tag="520"><subfield code="a">Les ambiances et les atmospheres sensibles se pretent a une grande diversite d'usages, que ce soit dans le domaine de l'art, de l'urbain ou des sciences sociales. Comment les ambiances contribuent-elles a mettre les situations ordinaires a l'epreuve du sensible ? En quoi ouvrent-elles de nouvelles pistes en matiere de pratique artistique, d'experimentation methodologique ou d'exploration theorique ? Qu'en est-il d'une socio-esthetique situee, attentive aux percepts et aux affects qui impregnent nos milieux de vie et infusent les sensibilites contemporaines ?De telles questions ont travers un colloque organis  Cerisy (2018) selon une triple exigence:  d'une part, une attention particulire tait porte aux changes, apports rciproques et questionnements communs entre le monde de l'art et celui des sciences sociales; d'autre part, il s'agissait d'ouvrir un dialogue indit avec la pense anglo-saxonne en la matire, mettant en rsonance et en discussion l'approche des ambiances et celle des atmosphres; enfin, l'usage des ambiances a t pass aussi bien au filtre des enqutes et des thories qu' celui des pratiques effectives et des expriences situes.</subfield></datafield><datafield ind1=" " ind2="0" tag="650"><subfield code="a">Space (Architecture)</subfield><subfield code="v">Congresses.</subfield></datafield><datafield ind1=" " ind2="0" tag="650"><subfield code="a">City and town life</subfield><subfield code="v">Congresses.</subfield></datafield><datafield ind1=" " ind2="0" tag="650"><subfield code="a">Architecture and society</subfield><subfield code="v">Congresses.</subfield></datafield><datafield ind1=" " ind2=" " tag="776"><subfield code="z">979-1-03-700623-3</subfield></datafield><datafield ind1=" " ind2=" " tag="906"><subfield code="a">BOOK</subfield></datafield></record>
</metadata></record>