<record><header><identifier>oai:alma.41SLSP_UGE:991000005479705502</identifier><datestamp>2023-07-03T00:41:52Z</datestamp><setSpec>uge_bcen_RapidILL_BOOK</setSpec><setSpec>uge_aaca_RapidILL_BOOK</setSpec><setSpec>uge_abels_RapidILL_BOOK</setSpec><setSpec>uge_dbu_RapidILL_BOOK</setSpec><setSpec>uge_cmu_RapidILL_BOOK</setSpec><setSpec>uge_mail_RapidILL_BOOK</setSpec><setSpec>uge_abbat_RapidILL_BOOK</setSpec><setSpec>UNIGE_ALL</setSpec><setSpec>uge_acar_RapidILL_BOOK</setSpec><setSpec>uge_aobs_RapidILL_BOOK</setSpec></header><metadata>
<record xmlns="http://www.loc.gov/MARC21/slim" xmlns:xsi="http://www.w3.org/2001/XMLSchema-instance" xsi:schemaLocation="http://www.loc.gov/MARC21/slim http://www.loc.gov/standards/marcxml/schema/MARC21slim.xsd"><leader>03753nam a2200481 c 4500</leader><controlfield tag="001">991000005479705502</controlfield><controlfield tag="005">20230702065436.0</controlfield><controlfield tag="008">201011s2008    xxu||||| |||| 00| ||eng d</controlfield><datafield ind1=" " ind2=" " tag="015"><subfield code="a">GFR-DNB-07,N50,0041</subfield></datafield><datafield ind1="7" ind2=" " tag="016"><subfield code="a">986421782</subfield><subfield code="2">GyFmDB</subfield></datafield><datafield ind1=" " ind2=" " tag="020"><subfield code="a">9780387773216</subfield></datafield><datafield ind1=" " ind2=" " tag="035"><subfield code="a">(swissbib)217367100-41slsp_network</subfield></datafield><datafield ind1=" " ind2=" " tag="035"><subfield code="a">217367100</subfield><subfield code="9">ExL</subfield></datafield><datafield ind1=" " ind2=" " tag="035"><subfield code="a">(RERO)R004725676-41slsp</subfield></datafield><datafield ind1=" " ind2=" " tag="035"><subfield code="a">(IDSSG)000452734HSB01</subfield></datafield><datafield ind1=" " ind2=" " tag="035"><subfield code="a">(EXLNZ-41SLSP_NETWORK)991107896799705501</subfield></datafield><datafield ind1=" " ind2=" " tag="040"><subfield code="a">RERO geucui</subfield><subfield code="d">CH-ZuSLS</subfield></datafield><datafield ind1=" " ind2="7" tag="072"><subfield code="a">in</subfield><subfield code="2">rero</subfield></datafield><datafield ind1="0" ind2="0" tag="245"><subfield code="a">Insider attack and cyber security</subfield><subfield code="b">beyond the hacker</subfield><subfield code="c">[ed.] by Salvatore J. Stolfo ... [et al.]</subfield></datafield><datafield ind1=" " ind2="1" tag="264"><subfield code="a">New York</subfield><subfield code="b">Springer</subfield><subfield code="c">2008</subfield></datafield><datafield ind1=" " ind2=" " tag="300"><subfield code="a">222 p.</subfield><subfield code="b">ill.</subfield></datafield><datafield ind1=" " ind2=" " tag="336"><subfield code="b">txt</subfield><subfield code="2">rdacontent</subfield></datafield><datafield ind1=" " ind2=" " tag="337"><subfield code="b">n</subfield><subfield code="2">rdamedia</subfield></datafield><datafield ind1=" " ind2=" " tag="338"><subfield code="b">nc</subfield><subfield code="2">rdacarrier</subfield></datafield><datafield ind1="1" ind2=" " tag="490"><subfield code="a">Advances in information security</subfield><subfield code="v">vol. 39</subfield></datafield><datafield ind1=" " ind2="7" tag="650"><subfield code="a">Criminalité</subfield><subfield code="0">(IDREF)048655600</subfield><subfield code="2">idref</subfield></datafield><datafield ind1=" " ind2="7" tag="650"><subfield code="a">Internet</subfield><subfield code="0">(IDREF)032317468</subfield><subfield code="2">idref</subfield></datafield><datafield ind1=" " ind2="7" tag="650"><subfield code="a">Systèmes informatiques</subfield><subfield code="0">(IDREF)027249913</subfield><subfield code="2">idref</subfield></datafield><datafield ind1=" " ind2="7" tag="650"><subfield code="a">Mesures de sûreté</subfield><subfield code="0">(IDREF)027798119</subfield><subfield code="2">idref</subfield></datafield><datafield ind1=" " ind2="7" tag="650"><subfield code="a">Insider</subfield><subfield code="0">(DE-588)4027134-1</subfield><subfield code="2">gnd</subfield></datafield><datafield ind1=" " ind2="7" tag="650"><subfield code="a">Hacker</subfield><subfield code="0">(DE-588)4113821-1</subfield><subfield code="2">gnd</subfield></datafield><datafield ind1=" " ind2="7" tag="650"><subfield code="a">Computerkriminalität</subfield><subfield code="0">(DE-588)4010452-7</subfield><subfield code="2">gnd</subfield></datafield><datafield ind1=" " ind2="7" tag="650"><subfield code="a">Computersicherheit</subfield><subfield code="0">(DE-588)4274324-2</subfield><subfield code="2">gnd</subfield></datafield><datafield ind1=" " ind2="7" tag="650"><subfield code="a">Datensicherung</subfield><subfield code="0">(DE-588)4011144-1</subfield><subfield code="2">gnd</subfield></datafield><datafield ind1=" " ind2=" " tag="690"><subfield code="a">Insider ; Threat ; reflection ; Escalation ; Expectation ; Leverage ; Termination ; Hacker ; Defense ; Mitigation ; Training ; Monitoring ; Leakage ; modeling ; Modelling ; Intervention ; Picture ; Formulation ; Control ; Controlling ; Fortification ; Evaluation ; Direction ; Enforcement ; Implementation ; Randomization ; Authentication ; Selection ; Requirement ; Security analysis ; Securities analysis ; Initialization ; Privacy ; Data theft ; Recommendation ; User profile ; Recovery ; Authorization ; Security ; College ; Scoping ; breakdown ; Context ; Psychology ; Research and development ; Trust ; Work-room ; System dynamic ; Status quo ; Risk ; Masquerade ; Sensor ; Objectives ; Anomaly ; Methodology ; Traceability ; System architecture ; Architecture ; Network architecture ; Tracing ; Data integrity ; Privilege ; Cost factor ; Experiment ; Damage ; Visualisation ; Incentive ; Colombia ; Type ; Abuse ; Infrastructure ; Setup ; Unknown ; Access path ; Demotion ; Insight ; Cert ; Sabotage ; History ; Measuring feeler ; Discussion ; Framework ; Computer systems hardware ; Offshore platform ; Runtime ; Threshold ; Engine ; Signature ; Computer engine ; Compute engine ; Reliability ; Independence ; Mode ; Vulnerability ; Deterrence ; Primitive ; Mac ; Public key cryptography ; Functionality ; Applicability ; Complexity ; domains ; Domain ; Knowledge base ; Biometrics ; Token ; Certificate ; Identity ; Business management ; Snapshot ; Issuance ; reviews ; Expressiveness ; Outsider ; Perspective ; Research ; Community ; Chemical solution ; Social Science ; Social science ; Impulse response ; Recovery system ; Financial Services ; employees</subfield><subfield code="2">idssg-J</subfield></datafield><datafield ind1=" " ind2=" " tag="690"><subfield code="a">Physiology-Based ; Possession-Based</subfield><subfield code="2">idssg-J</subfield></datafield><datafield ind1=" " ind2=" " tag="690"><subfield code="a">Instructional Case; Final Weeks; Naive Bayes; Synthetic Data; Virtualization-enabled Information; Tamper-resistant Key-store; Single Point; Better Data</subfield><subfield code="2">idssg-J</subfield></datafield><datafield ind1=" " ind2=" " tag="690"><subfield code="a">Columbia [100]; USA [100]; Dartmouth [33]</subfield><subfield code="2">idssg-J</subfield></datafield><datafield ind1=" " ind2=" " tag="690"><subfield code="a">Cyber; Salvatore; Angelos; pringer; Disgruntlement; Prototypical; NBSCs; ILLIAC; Crypto; IT; D; ILLIAC</subfield><subfield code="2">idssg-J</subfield></datafield><datafield ind1="1" ind2=" " tag="700"><subfield code="a">Stolfo, Salvatore J.</subfield><subfield code="0">(RERO)A014037063</subfield></datafield><datafield ind1="4" ind2=" " tag="856"><subfield code="u">https://tools.unisg.ch/url/hm00223350</subfield><subfield code="z">Inhaltsverzeichnis</subfield></datafield><datafield ind1=" " ind2="0" tag="830"><subfield code="a">Advances in information security</subfield><subfield code="v">39</subfield><subfield code="w">(RERO)R003954571-41slsp</subfield></datafield><datafield ind1=" " ind2="0" tag="830"><subfield code="a">Advances in information security</subfield><subfield code="v">39</subfield><subfield code="w">(IDSSG)000361716HSB01</subfield></datafield><datafield ind1=" " ind2=" " tag="949"><subfield code="a">https://tools.unisg.ch/url/hm00223350</subfield></datafield></record>
</metadata></record>