<record><header><identifier>oai:alma.41SLSP_UGE:991011969422005502</identifier><datestamp>2024-04-30T00:08:17Z</datestamp><setSpec>UNIGE_ALL</setSpec></header><metadata>
<record xmlns="http://www.loc.gov/MARC21/slim" xmlns:xsi="http://www.w3.org/2001/XMLSchema-instance" xsi:schemaLocation="http://www.loc.gov/MARC21/slim http://www.loc.gov/standards/marcxml/schema/MARC21slim.xsd"><leader>01981nam a2200325 i 4500</leader><controlfield tag="001">991011969422005502</controlfield><controlfield tag="005">20240426121831.0</controlfield><controlfield tag="006">m     o  d        </controlfield><controlfield tag="007">cr#|||||||||||</controlfield><controlfield tag="008">230906s2022    fr      o     000 0 fre d</controlfield><datafield ind1=" " ind2=" " tag="020"><subfield code="a">2-7154-1297-5</subfield></datafield><datafield ind1=" " ind2=" " tag="035"><subfield code="a">(PPN)275577740</subfield></datafield><datafield ind1=" " ind2=" " tag="035"><subfield code="a">(CKB)5710000000110442</subfield></datafield><datafield ind1=" " ind2=" " tag="035"><subfield code="a">(NjHacI)995710000000110442</subfield></datafield><datafield ind1=" " ind2=" " tag="035"><subfield code="a">(EXLCZ)995710000000110442</subfield></datafield><datafield ind1=" " ind2=" " tag="040"><subfield code="a">NjHacI</subfield><subfield code="b">eng</subfield><subfield code="e">rda</subfield><subfield code="c">NjHacl</subfield></datafield><datafield ind1=" " ind2="4" tag="050"><subfield code="a">BF637.R57</subfield><subfield code="b">.L437 2022</subfield></datafield><datafield ind1="0" ind2="4" tag="082"><subfield code="a">155.9</subfield><subfield code="2">23</subfield></datafield><datafield ind1="1" ind2=" " tag="100"><subfield code="a">Le Breton, David,</subfield><subfield code="e">author.</subfield></datafield><datafield ind1="1" ind2="0" tag="245"><subfield code="a">Sociologie du risque /</subfield><subfield code="c">David Le Breton.</subfield></datafield><datafield ind1=" " ind2="1" tag="264"><subfield code="a">Paris :</subfield><subfield code="b">Presses Universitaires de France,</subfield><subfield code="c">2022.</subfield></datafield><datafield ind1=" " ind2=" " tag="300"><subfield code="a">1 online resource (127 pages).</subfield></datafield><datafield ind1=" " ind2=" " tag="336"><subfield code="a">text</subfield><subfield code="b">txt</subfield><subfield code="2">rdacontent</subfield></datafield><datafield ind1=" " ind2=" " tag="337"><subfield code="a">computer</subfield><subfield code="b">c</subfield><subfield code="2">rdamedia</subfield></datafield><datafield ind1=" " ind2=" " tag="338"><subfield code="a">online resource</subfield><subfield code="b">cr</subfield><subfield code="2">rdacarrier</subfield></datafield><datafield ind1="0" ind2=" " tag="490"><subfield code="a">Que sais-je? ;</subfield><subfield code="v">Volume 3016</subfield></datafield><datafield ind1=" " ind2=" " tag="588"><subfield code="a">Description based on publisher supplied metadata and other sources.</subfield></datafield><datafield ind1=" " ind2=" " tag="520"><subfield code="a">« Toute existence est une permanente prise de risque, reflet de nos fragilités physiques et psychologiques. Mais nos sociétés technologiques semblent générer de nouveaux types de risques et des inquiétudes croissantes parmi les populations. De ce constat est née, dans les années 1980, une sociologie du risque explorant ces zones de fractures de confiance et de fragilité. Une autre approche sociologique est venue l'enrichir en s'intéressant aux conduites à risques individuelles et à leurs significations. En s'appuyant sur l'analyse de nombreux exemples concrets, cet ouvrage dresse un panorama des recherches menées et des savoirs constitués ces dernières années autour de la notion de risque, qui est désormais une question sociale autant que politique, économique, juridique ou encore éthique. ».</subfield></datafield><datafield ind1=" " ind2="0" tag="650"><subfield code="a">Risk-taking (Psychology)</subfield></datafield><datafield ind1=" " ind2=" " tag="776"><subfield code="z">2-7154-1296-7</subfield></datafield><datafield ind1=" " ind2=" " tag="906"><subfield code="a">BOOK</subfield></datafield></record>
</metadata></record><record><header status="deleted"><identifier>oai:alma.41SLSP_UGE:991000005189705502</identifier><datestamp>2023-08-05T00:16:52Z</datestamp><setSpec>uge_bcen_RapidILL_BOOK</setSpec><setSpec>uge_aaca_RapidILL_BOOK</setSpec><setSpec>uge_abels_RapidILL_BOOK</setSpec><setSpec>uge_dbu_RapidILL_BOOK</setSpec><setSpec>uge_cmu_RapidILL_BOOK</setSpec><setSpec>uge_mail_RapidILL_BOOK</setSpec><setSpec>uge_abbat_RapidILL_BOOK</setSpec><setSpec>UNIGE_ALL</setSpec><setSpec>uge_acar_RapidILL_BOOK</setSpec><setSpec>uge_aobs_RapidILL_BOOK</setSpec></header></record>