<record><header><identifier>oai:alma.41SLSP_UGE:991000005709705502</identifier><datestamp>2024-09-28T00:27:09Z</datestamp><setSpec>uge_bcen_RapidILL_BOOK</setSpec><setSpec>uge_aaca_RapidILL_BOOK</setSpec><setSpec>uge_abels_RapidILL_BOOK</setSpec><setSpec>uge_dbu_RapidILL_BOOK</setSpec><setSpec>uge_cmu_RapidILL_BOOK</setSpec><setSpec>uge_mail_RapidILL_BOOK</setSpec><setSpec>uge_abbat_RapidILL_BOOK</setSpec><setSpec>UNIGE_ALL</setSpec><setSpec>uge_aobs_RapidILL_BOOK</setSpec><setSpec>uge_acar_RapidILL_BOOK</setSpec></header><metadata>
<record xmlns="http://www.loc.gov/MARC21/slim" xmlns:xsi="http://www.w3.org/2001/XMLSchema-instance" xsi:schemaLocation="http://www.loc.gov/MARC21/slim http://www.loc.gov/standards/marcxml/schema/MARC21slim.xsd"><leader>02450nam a2200601 c 4500</leader><controlfield tag="001">991000005709705502</controlfield><controlfield tag="005">20240927125949.0</controlfield><controlfield tag="008">201012s1968    sz ||||| m||| 00| ||ger d</controlfield><datafield ind1=" " ind2=" " tag="035"><subfield code="a">(swissbib)241697751-41slsp_network</subfield></datafield><datafield ind1=" " ind2=" " tag="035"><subfield code="a">241697751</subfield><subfield code="9">ExL</subfield></datafield><datafield ind1=" " ind2=" " tag="035"><subfield code="a">(RERO)0108750-41slsp</subfield></datafield><datafield ind1=" " ind2=" " tag="035"><subfield code="a">(IDSBB)000257722DSV01</subfield></datafield><datafield ind1=" " ind2=" " tag="035"><subfield code="a">(NEBIS)000842676EBI01</subfield></datafield><datafield ind1=" " ind2=" " tag="035"><subfield code="a">(ABN)000265723ABN01</subfield></datafield><datafield ind1=" " ind2=" " tag="035"><subfield code="a">(EXLNZ-41SLSP_NETWORK)991132615559705501</subfield></datafield><datafield ind1=" " ind2=" " tag="040"><subfield code="a">RERO</subfield><subfield code="d">CH-ZuSLS</subfield></datafield><datafield ind1=" " ind2="7" tag="072"><subfield code="a">go</subfield><subfield code="2">rero</subfield></datafield><datafield ind1=" " ind2="7" tag="072"><subfield code="a">sz</subfield><subfield code="2">SzZuIDS BS/BE</subfield></datafield><datafield ind1="0" ind2="4" tag="082"><subfield code="a">949.43?</subfield></datafield><datafield ind1="0" ind2="4" tag="082"><subfield code="a">949.43́</subfield></datafield><datafield ind1="1" ind2="4" tag="082"><subfield code="a">300</subfield><subfield code="2">15</subfield></datafield><datafield ind1=" " ind2=" " tag="084"><subfield code="a">RK 35906</subfield><subfield code="2">rvk</subfield></datafield><datafield ind1="1" ind2=" " tag="100"><subfield code="a">Eichenberger, Ulrich</subfield><subfield code="d">1937-2023</subfield><subfield code="0">(DE-588)114537669X</subfield><subfield code="6">880-01</subfield></datafield><datafield ind1="1" ind2=" " tag="880"><subfield code="a">Eichenberger, Ulrich</subfield><subfield code="0">(RERO)A003211697</subfield><subfield code="4">cre</subfield><subfield code="6">100-01</subfield></datafield><datafield ind1="1" ind2="0" tag="245"><subfield code="a">&lt;&lt;Die&gt;&gt; Agglomeration Basel in ihrer raumzeitlichen Struktur</subfield><subfield code="c">Ulrich Eichenberger</subfield></datafield><datafield ind1=" " ind2="1" tag="264"><subfield code="a">Basel</subfield><subfield code="b">Geographisch-ethnologischen Gesellschaft</subfield><subfield code="b">Helbing und Lichtenhahn</subfield><subfield code="c">1968</subfield></datafield><datafield ind1=" " ind2=" " tag="300"><subfield code="a">264 p.</subfield><subfield code="b">fig.</subfield><subfield code="c">24 cm. &amp; 1 carte</subfield></datafield><datafield ind1=" " ind2=" " tag="336"><subfield code="b">txt</subfield><subfield code="2">rdacontent</subfield></datafield><datafield ind1=" " ind2=" " tag="337"><subfield code="b">n</subfield><subfield code="2">rdamedia</subfield></datafield><datafield ind1=" " ind2=" " tag="338"><subfield code="b">nc</subfield><subfield code="2">rdacarrier</subfield></datafield><datafield ind1="1" ind2=" " tag="490"><subfield code="a">Basler Beiträge zur Geographie</subfield><subfield code="v">H. 8</subfield></datafield><datafield ind1=" " ind2=" " tag="502"><subfield code="a">Diss. Phil. Basel, 1966</subfield></datafield><datafield ind1=" " ind2=" " tag="502"><subfield code="a">Zugl.: Diss. Naturwiss. Basel, 1968</subfield></datafield><datafield ind1=" " ind2="7" tag="650"><subfield code="a">Développement communautaire urbain</subfield><subfield code="0">(IDREF)027741184</subfield><subfield code="2">idref</subfield></datafield><datafield ind1=" " ind2="7" tag="650"><subfield code="a">Bevölkerungsentwicklung</subfield><subfield code="0">(DE-588)4006292-2</subfield><subfield code="2">gnd</subfield></datafield><datafield ind1=" " ind2="7" tag="650"><subfield code="a">Stadtentwicklung</subfield><subfield code="0">(DE-588)4056730-8</subfield><subfield code="2">gnd</subfield></datafield><datafield ind1=" " ind2="7" tag="650"><subfield code="a">Wirtschaftsentwicklung</subfield><subfield code="0">(DE-588)4066438-7</subfield><subfield code="2">gnd</subfield></datafield><datafield ind1=" " ind2="7" tag="650"><subfield code="a">Volkswirtschaft</subfield><subfield code="0">(DE-STW)10025-6</subfield><subfield code="2">stw</subfield></datafield><datafield ind1=" " ind2="7" tag="650"><subfield code="a">BEVÖLKERUNGSVERÄNDERUNGEN (STATISTIK)</subfield><subfield code="9">ger</subfield><subfield code="0">(ETHUDK)000010093</subfield><subfield code="2">ethudk</subfield></datafield><datafield ind1=" " ind2="7" tag="650"><subfield code="a">REGION BASEL, REGIO BASILIENSIS</subfield><subfield code="9">ger</subfield><subfield code="0">(ETHUDK)000001590</subfield><subfield code="2">ethudk</subfield></datafield><datafield ind1=" " ind2="7" tag="650"><subfield code="a">SIEDLUNGSENTWICKLUNG (SIEDLUNGSKUNDE)</subfield><subfield code="9">ger</subfield><subfield code="0">(ETHUDK)000045623</subfield><subfield code="2">ethudk</subfield></datafield><datafield ind1=" " ind2="7" tag="650"><subfield code="a">WIRTSCHAFTSENTWICKLUNG</subfield><subfield code="9">ger</subfield><subfield code="0">(ETHUDK)000010326</subfield><subfield code="2">ethudk</subfield></datafield><datafield ind1=" " ind2="7" tag="650"><subfield code="a">&quot;1850/1960&quot;</subfield><subfield code="2">ethudk</subfield></datafield><datafield ind1=" " ind2="7" tag="651"><subfield code="a">Bâle-Ville (Suisse)</subfield><subfield code="0">(IDREF)027275922</subfield><subfield code="2">idref</subfield></datafield><datafield ind1=" " ind2="7" tag="651"><subfield code="a">Basel</subfield><subfield code="0">(DE-588)4004617-5</subfield><subfield code="2">gnd</subfield></datafield><datafield ind1=" " ind2="7" tag="651"><subfield code="a">Basel-Landschaft</subfield><subfield code="0">(DE-588)4004619-9</subfield><subfield code="2">gnd</subfield></datafield><datafield ind1=" " ind2="7" tag="651"><subfield code="a">Basel-Stadt</subfield><subfield code="0">(DE-588)1077172354</subfield><subfield code="2">gnd</subfield></datafield><datafield ind1=" " ind2="7" tag="651"><subfield code="a">Schweiz</subfield><subfield code="z">Nordwest</subfield><subfield code="0">(DE-588)4214201-5</subfield><subfield code="2">gnd</subfield></datafield><datafield ind1=" " ind2="7" tag="655"><subfield code="a">Hochschulschrift</subfield><subfield code="2">gnd-content</subfield></datafield><datafield ind1=" " ind2=" " tag="830"><subfield code="a">Basler Beiträge zur Geographie</subfield><subfield code="v">8</subfield><subfield code="w">(NEBIS)000043170EBI01</subfield></datafield><datafield ind1=" " ind2=" " tag="830"><subfield code="a">Basler Beiträge zur Geographie</subfield><subfield code="v">8</subfield><subfield code="w">(IDSBB)000038321DSV01</subfield></datafield><datafield ind1=" " ind2=" " tag="900"><subfield code="a">REROnoselfmerge</subfield></datafield><datafield ind1=" " ind2=" " tag="900"><subfield code="a">IDSZRMedeaZBZ</subfield><subfield code="b">IDSZRSWK</subfield></datafield><datafield ind1=" " ind2=" " tag="900"><subfield code="f">IDSU2medea</subfield></datafield></record>
</metadata></record>