<record><header><identifier>oai:alma.41SLSP_UGE:991000006019705502</identifier><datestamp>2024-06-28T00:09:24Z</datestamp><setSpec>uge_bcen_RapidILL_BOOK</setSpec><setSpec>uge_aaca_RapidILL_BOOK</setSpec><setSpec>uge_abels_RapidILL_BOOK</setSpec><setSpec>uge_dbu_RapidILL_BOOK</setSpec><setSpec>uge_cmu_RapidILL_BOOK</setSpec><setSpec>uge_mail_RapidILL_BOOK</setSpec><setSpec>uge_abbat_RapidILL_BOOK</setSpec><setSpec>UNIGE_ALL</setSpec><setSpec>uge_aobs_RapidILL_BOOK</setSpec><setSpec>uge_acar_RapidILL_BOOK</setSpec></header><metadata>
<record xmlns="http://www.loc.gov/MARC21/slim" xmlns:xsi="http://www.w3.org/2001/XMLSchema-instance" xsi:schemaLocation="http://www.loc.gov/MARC21/slim http://www.loc.gov/standards/marcxml/schema/MARC21slim.xsd"><leader>01487nam a2200349 c 4500</leader><controlfield tag="001">991000006019705502</controlfield><controlfield tag="005">20240627085458.0</controlfield><controlfield tag="008">060518s2003    it ||||| |||| 00| ||ita d</controlfield><datafield ind1=" " ind2=" " tag="020"><subfield code="a">8890097256</subfield></datafield><datafield ind1="7" ind2=" " tag="024"><subfield code="a">http://catalogue.bnf.fr/ark:/12148/cb400178070</subfield><subfield code="2">uri</subfield></datafield><datafield ind1=" " ind2=" " tag="035"><subfield code="a">(swissbib)103615091-41slsp_network</subfield></datafield><datafield ind1=" " ind2=" " tag="035"><subfield code="a">103615091</subfield><subfield code="9">ExL</subfield></datafield><datafield ind1=" " ind2=" " tag="035"><subfield code="a">(RERO)R004125766-41slsp</subfield></datafield><datafield ind1=" " ind2=" " tag="035"><subfield code="a">(EXLNZ-41SLSP_NETWORK)991022812539705501</subfield></datafield><datafield ind1=" " ind2=" " tag="040"><subfield code="a">RERO geulsa</subfield><subfield code="d">CH-ZuSLS</subfield></datafield><datafield ind1=" " ind2="7" tag="072"><subfield code="a">ar</subfield><subfield code="2">rero</subfield></datafield><datafield ind1=" " ind2="7" tag="072"><subfield code="a">at</subfield><subfield code="2">rero</subfield></datafield><datafield ind1="0" ind2="0" tag="245"><subfield code="a">Phoinike II</subfield><subfield code="b">rapporto preliminare sulla campagna di scavi e ricerche 2001</subfield><subfield code="c">a cura di Sandro De Maria e Shpresa Gjongecaj ; Alma Mater Studiorum, Università di Bologna, Dipartimento di Archeologia, Missione archeologica in Albania ; Istituto archeologico albanese, Dipartimento di antichità</subfield></datafield><datafield ind1=" " ind2="1" tag="264"><subfield code="a">Bologna</subfield><subfield code="b">Ante Quem</subfield><subfield code="c">[2003]</subfield></datafield><datafield ind1=" " ind2="4" tag="264"><subfield code="c">© 2003</subfield></datafield><datafield ind1=" " ind2=" " tag="300"><subfield code="a">143 p., 1 f. de pl.</subfield><subfield code="b">ill.</subfield><subfield code="c">30 cm</subfield></datafield><datafield ind1=" " ind2=" " tag="336"><subfield code="b">txt</subfield><subfield code="2">rdacontent</subfield></datafield><datafield ind1=" " ind2=" " tag="337"><subfield code="b">n</subfield><subfield code="2">rdamedia</subfield></datafield><datafield ind1=" " ind2=" " tag="338"><subfield code="b">nc</subfield><subfield code="2">rdacarrier</subfield></datafield><datafield ind1="1" ind2=" " tag="490"><subfield code="a">Phoinike</subfield><subfield code="v">2</subfield></datafield><datafield ind1=" " ind2="7" tag="650"><subfield code="a">Archéologie</subfield><subfield code="0">(IDREF)02726971X</subfield><subfield code="2">idref</subfield></datafield><datafield ind1=" " ind2="7" tag="651"><subfield code="a">Phoinike (Albanie)</subfield><subfield code="0">(RERO)A012715353</subfield><subfield code="2">rero</subfield></datafield><datafield ind1="1" ind2=" " tag="700"><subfield code="a">De Maria, Sandro</subfield><subfield code="0">(IDREF)056844344</subfield></datafield><datafield ind1="1" ind2=" " tag="700"><subfield code="a">Gjongecaj, Shpresa</subfield><subfield code="d">19..-....</subfield><subfield code="0">(IDREF)8592976X</subfield></datafield><datafield ind1="2" ind2=" " tag="710"><subfield code="a">Università degli studi</subfield><subfield code="g">Bologne, Italie</subfield><subfield code="b">Dipartimento di archeologia</subfield><subfield code="g">19..-2012</subfield><subfield code="0">(IDREF)051838494</subfield></datafield><datafield ind1="2" ind2=" " tag="710"><subfield code="a">Instituti i Arkeologjisë (Shqipëri)</subfield><subfield code="0">(RERO)A013151730</subfield></datafield><datafield ind1=" " ind2=" " tag="830"><subfield code="a">Phoinike</subfield><subfield code="v">2</subfield><subfield code="w">(RERO)R008459413-41slsp</subfield></datafield><datafield ind1=" " ind2=" " tag="900"><subfield code="a">REROnoselfmerge</subfield></datafield></record>
</metadata></record>