<record><header><identifier>oai:alma.41SLSP_UGE:991011969419505502</identifier><datestamp>2024-07-29T00:12:05Z</datestamp><setSpec>UNIGE_ALL</setSpec></header><metadata>
<record xmlns="http://www.loc.gov/MARC21/slim" xmlns:xsi="http://www.w3.org/2001/XMLSchema-instance" xsi:schemaLocation="http://www.loc.gov/MARC21/slim http://www.loc.gov/standards/marcxml/schema/MARC21slim.xsd"><leader>-----nam-a22-----z--4500</leader><controlfield tag="001">991011969419505502</controlfield><controlfield tag="005">20210713175314.0</controlfield><controlfield tag="008">230221u2021uuuuuuuuu-|-o----u|----|eng-d</controlfield><datafield ind1=" " ind2=" " tag="020"><subfield code="a">979-1-03-702666-8</subfield></datafield><datafield ind1=" " ind2=" " tag="035"><subfield code="a">(CKB)5720000000176290</subfield></datafield><datafield ind1=" " ind2=" " tag="035"><subfield code="a">(VLeBooks)9791037026668</subfield></datafield><datafield ind1=" " ind2=" " tag="035"><subfield code="a">(EXLCZ)995720000000176290</subfield></datafield><datafield ind1="0" ind2="0" tag="050"><subfield code="a">NK4149.7.U92</subfield><subfield code="b">S874 2020</subfield></datafield><datafield ind1=" " ind2=" " tag="100"><subfield code="a">Houal, Jean-Baptiste</subfield></datafield><datafield ind1=" " ind2=" " tag="245"><subfield code="a">La Ceramique Antique Et Medievale De Termez Et De Khaitabad (Ouzbekistan): Regards Sur l'Asie Centrale Du IIIe Siecle Av. J.-C. Au XVIIIe Siecle</subfield></datafield><datafield ind1=" " ind2=" " tag="260"><subfield code="b">Hermann</subfield></datafield><datafield ind1=" " ind2=" " tag="300"><subfield code="a">1 online resource (392 p.)</subfield></datafield><datafield ind1=" " ind2=" " tag="520"><subfield code="a">Les visiteurs et les archeologues lui ont donne bien des noms : Alexandrie de l'Oxus, Tarmita, Thirmidh. Les vestiges de la citadelle de l'ancienne Termez sont aujourd'hui encore visibles de loin en bordure du fleuve Amou-Darya, sur le territoire de la Bactriane antique. Juchee sur un promontoire, la citadelle s'est rapidement developpee pour devenir une des capitales de l'Empire kouchan, au c ur meme de l'Asie centrale. Cet ouvrage sur la ceramique de Termez et de Khaitabad repose sur une trame chronologique tres large, depuis le iiie siecle avant notre ere au xviiie siecle. S'appuyant sur les chantiers archeologiques ouverts entre 1993 et 2008.par la MAFOuz (AOrOc), l'analyse typologique, elaboree a partir des contextes de fouille, offre une lecture spatiale et chronologique de l'ensemble des corpus. Le livre se veut un outil de reference pour les etudes ceramologiques dans cette region de l'Ouzbekistan.</subfield></datafield><datafield ind1=" " ind2="0" tag="650"><subfield code="a">Pottery, Ancient</subfield><subfield code="z">Uzbekistan</subfield><subfield code="z">Surkhondarë oblasti.</subfield></datafield><datafield ind1=" " ind2="0" tag="650"><subfield code="a">Pottery, Medieval</subfield><subfield code="z">Uzbekistan</subfield><subfield code="z">Surkhondarë oblasti.</subfield></datafield><datafield ind1=" " ind2="0" tag="650"><subfield code="a">Pottery, Ancient</subfield><subfield code="z">Uzbekistan</subfield><subfield code="z">Surkhondarë oblasti</subfield><subfield code="v">Catalogs.</subfield></datafield><datafield ind1=" " ind2="0" tag="650"><subfield code="a">Pottery, Medieval</subfield><subfield code="z">Uzbekistan</subfield><subfield code="z">Surkhondarë oblasti</subfield><subfield code="v">Catalogs.</subfield></datafield><datafield ind1=" " ind2="0" tag="650"><subfield code="a">Excavations (Archaeology)</subfield><subfield code="z">Uzbekistan</subfield><subfield code="z">Surkhondarë oblasti.</subfield></datafield><datafield ind1=" " ind2="0" tag="651"><subfield code="a">Surkhondarë oblasti (Uzbekistan)</subfield><subfield code="x">Antiquities.</subfield></datafield><datafield ind1=" " ind2=" " tag="776"><subfield code="z">979-1-03-700386-7</subfield></datafield><datafield ind1=" " ind2=" " tag="906"><subfield code="a">BOOK</subfield></datafield></record>
</metadata></record>