<record><header><identifier>oai:alma.41SLSP_UGE:991000005809705502</identifier><datestamp>2024-03-09T01:25:57Z</datestamp><setSpec>uge_bcen_RapidILL_BOOK</setSpec><setSpec>uge_aaca_RapidILL_BOOK</setSpec><setSpec>uge_abels_RapidILL_BOOK</setSpec><setSpec>uge_dbu_RapidILL_BOOK</setSpec><setSpec>uge_cmu_RapidILL_BOOK</setSpec><setSpec>uge_mail_RapidILL_BOOK</setSpec><setSpec>uge_abbat_RapidILL_BOOK</setSpec><setSpec>UNIGE_ALL</setSpec><setSpec>uge_acar_RapidILL_BOOK</setSpec><setSpec>uge_aobs_RapidILL_BOOK</setSpec></header><metadata>
<record xmlns="http://www.loc.gov/MARC21/slim" xmlns:xsi="http://www.w3.org/2001/XMLSchema-instance" xsi:schemaLocation="http://www.loc.gov/MARC21/slim http://www.loc.gov/standards/marcxml/schema/MARC21slim.xsd"><leader>03028nam a2200709 c 4500</leader><controlfield tag="001">991000005809705502</controlfield><controlfield tag="005">20240308022531.0</controlfield><controlfield tag="008">201011s1988    sz ||||| |||| 01| ||ger d</controlfield><datafield ind1=" " ind2=" " tag="020"><subfield code="z">3908006089</subfield><subfield code="q">inkorrekt</subfield></datafield><datafield ind1=" " ind2=" " tag="035"><subfield code="a">(swissbib)223376647-41slsp_network</subfield></datafield><datafield ind1=" " ind2=" " tag="035"><subfield code="a">223376647</subfield><subfield code="9">ExL</subfield></datafield><datafield ind1=" " ind2=" " tag="035"><subfield code="a">(RERO)1008473-41slsp</subfield></datafield><datafield ind1=" " ind2=" " tag="035"><subfield code="a">(IDSBB)000605682DSV01</subfield></datafield><datafield ind1=" " ind2=" " tag="035"><subfield code="a">(NEBIS)009588302EBI01</subfield></datafield><datafield ind1=" " ind2=" " tag="035"><subfield code="a">(IDSLU)000117570ILU01</subfield></datafield><datafield ind1=" " ind2=" " tag="035"><subfield code="a">(ABN)000018579ABN01</subfield></datafield><datafield ind1=" " ind2=" " tag="035"><subfield code="a">(EXLNZ-41SLSP_NETWORK)991137454009705501</subfield></datafield><datafield ind1=" " ind2=" " tag="040"><subfield code="a">RERO gevbaa</subfield><subfield code="d">CH-ZuSLS</subfield></datafield><datafield ind1="0" ind2=" " tag="041"><subfield code="a">ger</subfield><subfield code="a">eng</subfield><subfield code="a">fre</subfield></datafield><datafield ind1=" " ind2="7" tag="072"><subfield code="a">ar</subfield><subfield code="2">rero</subfield></datafield><datafield ind1=" " ind2="7" tag="072"><subfield code="a">ur</subfield><subfield code="2">SzZuIDS BS/BE</subfield></datafield><datafield ind1=" " ind2="7" tag="072"><subfield code="a">ge</subfield><subfield code="2">SzZuIDS BS/BE</subfield></datafield><datafield ind1=" " ind2="7" tag="072"><subfield code="a">600</subfield><subfield code="2">IDS LU</subfield></datafield><datafield ind1="1" ind2=" " tag="080"><subfield code="a">903&quot;632&quot;(4CH)SH</subfield></datafield><datafield ind1="0" ind2="4" tag="082"><subfield code="a">930.12</subfield><subfield code="2">22</subfield></datafield><datafield ind1="0" ind2="4" tag="082"><subfield code="a">552.5</subfield><subfield code="2">22</subfield></datafield><datafield ind1="0" ind2="4" tag="082"><subfield code="a">551.79</subfield><subfield code="2">22</subfield></datafield><datafield ind1="1" ind2="4" tag="082"><subfield code="a">930</subfield><subfield code="2">15</subfield></datafield><datafield ind1=" " ind2=" " tag="084"><subfield code="a">NF 2145</subfield><subfield code="2">rvk</subfield></datafield><datafield ind1=" " ind2=" " tag="084"><subfield code="a">NF 1340</subfield><subfield code="2">rvk</subfield></datafield><datafield ind1="0" ind2="0" tag="245"><subfield code="a">Neue Untersuchungen am Kesslerloch bei Thayngen/SH</subfield><subfield code="b">Sondierbohrungen im östlichen Vorplatzbereich und ihre naturwissenschaftlich-archäologische Auswertung : [in memoriam Thomas Mäglin, 17.5.1955-27.11.1983]</subfield><subfield code="c">Brigitta Ammann, Hans-Georg Bandi, Mauro Buser... [et al.] ; wissenschaftliche Bearb und Red. Thomas Mäglin, Jörg Schibler, Jürg Sedlmeier</subfield></datafield><datafield ind1=" " ind2="1" tag="264"><subfield code="a">Basel</subfield><subfield code="b">Verl. Schweizerische Gesellschaft für Ur- und Frühgeschichte</subfield><subfield code="c">1988</subfield></datafield><datafield ind1=" " ind2=" " tag="300"><subfield code="a">128 S.</subfield><subfield code="b">Ill., Tab.</subfield><subfield code="c">31 cm</subfield></datafield><datafield ind1=" " ind2=" " tag="336"><subfield code="b">txt</subfield><subfield code="2">rdacontent</subfield></datafield><datafield ind1=" " ind2=" " tag="337"><subfield code="b">n</subfield><subfield code="2">rdamedia</subfield></datafield><datafield ind1=" " ind2=" " tag="338"><subfield code="b">nc</subfield><subfield code="2">rdacarrier</subfield></datafield><datafield ind1="1" ind2=" " tag="490"><subfield code="a">Antiqua</subfield><subfield code="v">17</subfield></datafield><datafield ind1=" " ind2=" " tag="500"><subfield code="a">Résumés en français et en anglais</subfield></datafield><datafield ind1=" " ind2=" " tag="504"><subfield code="a">Bibliogr</subfield></datafield><datafield ind1=" " ind2=" " tag="520"><subfield code="a">Grabungsbericht - Sondierbohrung - Archäobotanik</subfield><subfield code="5">ubs-Archäologie</subfield></datafield><datafield ind1=" " ind2="7" tag="650"><subfield code="a">Paléolithique</subfield><subfield code="0">(IDREF)027519694</subfield><subfield code="2">idref</subfield></datafield><datafield ind1=" " ind2="7" tag="650"><subfield code="a">Sondierung</subfield><subfield code="0">(DE-588)4699376-9</subfield><subfield code="2">gnd</subfield></datafield><datafield ind1=" " ind2="7" tag="650"><subfield code="a">Jungpaläolithikum</subfield><subfield code="0">(DE-588)4140116-5</subfield><subfield code="2">gnd</subfield></datafield><datafield ind1=" " ind2="7" tag="650"><subfield code="a">Magdalénien</subfield><subfield code="0">(DE-588)4168494-1</subfield><subfield code="2">gnd</subfield></datafield><datafield ind1=" " ind2="7" tag="650"><subfield code="a">Archäologie</subfield><subfield code="0">(DE-588)4002827-6</subfield><subfield code="2">gnd</subfield></datafield><datafield ind1=" " ind2="7" tag="651"><subfield code="a">Thayngen (Suisse, région)</subfield><subfield code="0">(RERO)A010157509</subfield><subfield code="2">rero</subfield></datafield><datafield ind1=" " ind2="7" tag="651"><subfield code="a">Kesslerloch (Suisse ; grotte)</subfield><subfield code="0">(IDREF)029854598</subfield><subfield code="2">idref</subfield></datafield><datafield ind1=" " ind2="7" tag="651"><subfield code="a">Kesslerloch</subfield><subfield code="x">Archäologie</subfield><subfield code="2">idsbb</subfield></datafield><datafield ind1=" " ind2="7" tag="651"><subfield code="a">Thayngen</subfield><subfield code="0">(DE-588)4059700-3</subfield><subfield code="2">gnd</subfield></datafield><datafield ind1=" " ind2="7" tag="651"><subfield code="a">Kesslerloch</subfield><subfield code="0">(DE-588)4262804-0</subfield><subfield code="2">gnd</subfield></datafield><datafield ind1=" " ind2="7" tag="655"><subfield code="a">[Études diverses]</subfield><subfield code="0">(RERO)A022249905</subfield><subfield code="2">rero</subfield></datafield><datafield ind1=" " ind2=" " tag="690"><subfield code="a">Ausgrabungen. Schweiz: Schaffhausen-Kt.: Thayngen, B: Kesslerloch</subfield><subfield code="2">rzs-L1</subfield></datafield><datafield ind1=" " ind2=" " tag="690"><subfield code="a">Schweiz. Geschichte. Urzeit: Steinzeit: Altsteinzeit, B: Kesslerloch</subfield><subfield code="2">rzs-L1</subfield></datafield><datafield ind1=" " ind2=" " tag="690"><subfield code="a">Thayngen (SH), B: Kesslerloch: Ausgrabungen</subfield><subfield code="2">rzs-L1</subfield></datafield><datafield ind1=" " ind2=" " tag="690"><subfield code="a">Kesslerloch, B: Ausgrabungen</subfield><subfield code="2">rzs-L1</subfield></datafield><datafield ind1="1" ind2=" " tag="700"><subfield code="a">Maeglin, Thomas</subfield></datafield><datafield ind1="1" ind2=" " tag="700"><subfield code="a">Ammann, Brigitta</subfield><subfield code="d">1941-</subfield><subfield code="0">(DE-588)109772083</subfield><subfield code="6">880-02</subfield></datafield><datafield ind1="1" ind2=" " tag="880"><subfield code="a">Ammann, Brigitta</subfield><subfield code="0">(RERO)A002926093</subfield><subfield code="6">700-02</subfield></datafield><datafield ind1="1" ind2=" " tag="700"><subfield code="a">Mäglin, Thomas</subfield><subfield code="0">(RERO)A012502993</subfield></datafield><datafield ind1=" " ind2=" " tag="830"><subfield code="a">Antiqua</subfield><subfield code="v">17</subfield><subfield code="w">(IDSLU)000203050ILU01</subfield></datafield><datafield ind1=" " ind2=" " tag="830"><subfield code="a">Antiqua</subfield><subfield code="v">17</subfield><subfield code="w">(NEBIS)000567148EBI01</subfield></datafield><datafield ind1=" " ind2=" " tag="830"><subfield code="a">Antiqua</subfield><subfield code="p">Verl. Schweizerische Gesellschaft für Ur- und Frühgeschichte</subfield><subfield code="v">17</subfield><subfield code="w">(RERO)0065675-41slsp</subfield></datafield><datafield ind1=" " ind2=" " tag="900"><subfield code="a">REROnoselfmerge</subfield></datafield></record>
</metadata></record>