<record><header><identifier>oai:alma.41SLSP_UGE:991000005599705502</identifier><datestamp>2023-06-20T00:22:46Z</datestamp><setSpec>uge_bcen_RapidILL_BOOK</setSpec><setSpec>uge_aaca_RapidILL_BOOK</setSpec><setSpec>uge_abels_RapidILL_BOOK</setSpec><setSpec>uge_dbu_RapidILL_BOOK</setSpec><setSpec>uge_cmu_RapidILL_BOOK</setSpec><setSpec>uge_mail_RapidILL_BOOK</setSpec><setSpec>uge_abbat_RapidILL_BOOK</setSpec><setSpec>UNIGE_ALL</setSpec><setSpec>uge_aobs_RapidILL_BOOK</setSpec><setSpec>uge_acar_RapidILL_BOOK</setSpec></header><metadata>
<record xmlns="http://www.loc.gov/MARC21/slim" xmlns:xsi="http://www.w3.org/2001/XMLSchema-instance" xsi:schemaLocation="http://www.loc.gov/MARC21/slim http://www.loc.gov/standards/marcxml/schema/MARC21slim.xsd"><leader>04565nam a2200745 c 4500</leader><controlfield tag="001">991000005599705502</controlfield><controlfield tag="005">20230619195537.0</controlfield><controlfield tag="008">201011s2017    xxk           000 0 eng|d</controlfield><datafield ind1=" " ind2=" " tag="020"><subfield code="a">0199673403</subfield></datafield><datafield ind1=" " ind2=" " tag="020"><subfield code="a">0199673411</subfield></datafield><datafield ind1=" " ind2=" " tag="020"><subfield code="a">9780199673407</subfield><subfield code="q">hardback</subfield><subfield code="c">GBP 51.35</subfield></datafield><datafield ind1=" " ind2=" " tag="020"><subfield code="a">9780199673414</subfield><subfield code="q">paperback</subfield></datafield><datafield ind1="7" ind2=" " tag="024"><subfield code="a">http://catalogue.bnf.fr/ark:/12148/cb45410029s</subfield><subfield code="2">uri</subfield></datafield><datafield ind1=" " ind2=" " tag="035"><subfield code="a">(swissbib)224075470-41slsp_network</subfield></datafield><datafield ind1=" " ind2=" " tag="035"><subfield code="a">224075470</subfield><subfield code="9">ExL</subfield></datafield><datafield ind1=" " ind2=" " tag="035"><subfield code="a">(IDSLU)001274389ILU01</subfield></datafield><datafield ind1=" " ind2=" " tag="035"><subfield code="a">(RERO)R008747642-41slsp</subfield></datafield><datafield ind1=" " ind2=" " tag="035"><subfield code="a">(IDSSG)000951337HSB01</subfield></datafield><datafield ind1=" " ind2=" " tag="035"><subfield code="a">(IDSBB)006694680DSV01</subfield></datafield><datafield ind1=" " ind2=" " tag="035"><subfield code="a">(NEBIS)010860110EBI01</subfield></datafield><datafield ind1=" " ind2=" " tag="035"><subfield code="a">(OCoLC)966825467</subfield></datafield><datafield ind1=" " ind2=" " tag="035"><subfield code="a">(EXLNZ-41SLSP_NETWORK)991141285069705501</subfield></datafield><datafield ind1=" " ind2=" " tag="040"><subfield code="a">ERASA</subfield><subfield code="b">ger</subfield><subfield code="e">rda</subfield><subfield code="d">CH-ZuSLS</subfield></datafield><datafield ind1="1" ind2=" " tag="041"><subfield code="a">eng</subfield><subfield code="h">lat</subfield></datafield><datafield ind1=" " ind2="4" tag="050"><subfield code="a">B</subfield></datafield><datafield ind1=" " ind2="7" tag="072"><subfield code="a">750</subfield><subfield code="2">IDS LU</subfield></datafield><datafield ind1=" " ind2="7" tag="072"><subfield code="a">ph</subfield><subfield code="2">rero</subfield></datafield><datafield ind1="0" ind2="4" tag="082"><subfield code="a">100</subfield></datafield><datafield ind1="1" ind2="4" tag="082"><subfield code="a">100</subfield><subfield code="2">15</subfield></datafield><datafield ind1=" " ind2=" " tag="084"><subfield code="a">CE 3103</subfield><subfield code="2">rvk</subfield></datafield><datafield ind1=" " ind2=" " tag="084"><subfield code="a">CE 3117</subfield><subfield code="2">rvk</subfield></datafield><datafield ind1="1" ind2=" " tag="100"><subfield code="a">Johannes</subfield><subfield code="c">Duns Scotus</subfield><subfield code="d">1266-1308</subfield><subfield code="0">(DE-588)118528165</subfield><subfield code="4">aut</subfield></datafield><datafield ind1="1" ind2="0" tag="245"><subfield code="a">Selected writings on ethics</subfield><subfield code="c">John Duns Scotus ; edited and translated by Thomas Williams</subfield></datafield><datafield ind1="1" ind2="3" tag="246"><subfield code="a">John Duns Scotus - selected writings on ethics</subfield></datafield><datafield ind1=" " ind2=" " tag="250"><subfield code="a">First edition</subfield></datafield><datafield ind1=" " ind2="1" tag="264"><subfield code="a">Oxford</subfield><subfield code="b">Oxford University Press</subfield><subfield code="c">2017</subfield></datafield><datafield ind1=" " ind2=" " tag="300"><subfield code="a">xix, 357 Seiten</subfield></datafield><datafield ind1=" " ind2=" " tag="336"><subfield code="b">txt</subfield><subfield code="2">rdacontent</subfield></datafield><datafield ind1=" " ind2=" " tag="337"><subfield code="b">n</subfield><subfield code="2">rdamedia</subfield></datafield><datafield ind1=" " ind2=" " tag="338"><subfield code="b">nc</subfield><subfield code="2">rdacarrier</subfield></datafield><datafield ind1=" " ind2=" " tag="500"><subfield code="a">Traduit de: Ordinatio. Extraits</subfield></datafield><datafield ind1="8" ind2=" " tag="520"><subfield code="a">Thomas Williams presents the most extensive collection of John Duns Scotus's work on ethics and moral psychology available in English. John Duns Scotus: Selected Writings on Ethics includes extended discussions-and as far as possible, complete questions-on divine and human freedom, the moral attributes of God, the relationship between will and intellect, moral and intellectual virtue, practical reasoning, charity, the metaphysics of goodness and rightness, the various acts, affections, and passions of the will, justice, the natural law, sin, marriage and divorce, the justification for private property, and lying and perjury. 00Relying on the recently completed critical edition of the Ordinatio and other critically edited texts, this collection presents the most reliable and up-to-date versions of Scotus's work in an accessible and philosophically informed translation</subfield></datafield><datafield ind1="1" ind2="7" tag="600"><subfield code="a">Duns Scotus, Johannes</subfield><subfield code="d">1265-1308</subfield><subfield code="0">(IDREF)026654989</subfield><subfield code="2">idref</subfield></datafield><datafield ind1="1" ind2="7" tag="600"><subfield code="a">Johannes</subfield><subfield code="c">Duns Scotus</subfield><subfield code="d">1266-1308</subfield><subfield code="0">(DE-588)118528165</subfield><subfield code="2">gnd</subfield></datafield><datafield ind1="1" ind2="0" tag="600"><subfield code="a">Duns Scotus, John</subfield><subfield code="d">approximately 1266-1308</subfield></datafield><datafield ind1=" " ind2="7" tag="648"><subfield code="a">Geschichte 1290-1308</subfield><subfield code="2">gnd</subfield></datafield><datafield ind1=" " ind2="7" tag="650"><subfield code="a">Morale</subfield><subfield code="0">(IDREF)027790029</subfield><subfield code="2">idref</subfield></datafield><datafield ind1=" " ind2="7" tag="650"><subfield code="a">Ethik</subfield><subfield code="0">(DE-588)4015602-3</subfield><subfield code="2">gnd</subfield></datafield><datafield ind1=" " ind2="7" tag="650"><subfield code="a">Scholastik</subfield><subfield code="0">(DE-588)4053169-7</subfield><subfield code="2">gnd</subfield></datafield><datafield ind1=" " ind2="7" tag="650"><subfield code="a">Moraltheologie</subfield><subfield code="0">(DE-588)4074972-1</subfield><subfield code="2">gnd</subfield></datafield><datafield ind1=" " ind2="0" tag="650"><subfield code="a">Philosophy, Medieval</subfield></datafield><datafield ind1=" " ind2="0" tag="650"><subfield code="a">Ethics</subfield></datafield><datafield ind1=" " ind2="7" tag="655"><subfield code="a">Anthologies</subfield><subfield code="0">(IDREF)027269493</subfield><subfield code="2">idref</subfield></datafield><datafield ind1=" " ind2="4" tag="655"><subfield code="a">Quelle</subfield></datafield><datafield ind1=" " ind2="7" tag="655"><subfield code="a">Quelle</subfield><subfield code="2">gnd-content</subfield></datafield><datafield ind1=" " ind2=" " tag="690"><subfield code="a">Gott; Tugend; Sünde; Bekenntnis; Akt; Naturrecht; Gesetz; Berichterstattung; Gewissen; Gnade; Intellekt; Nächstenliebe; Gerechtigkeit; Kraft; Leidenschaft; Macht; Theologie; Duns; Schrift; Aristoteles; Engel; Gebot; Prinzip; Vertrag</subfield><subfield code="2">idssg-J</subfield></datafield><datafield ind1=" " ind2=" " tag="690"><subfield code="a">Heiratsvertrag; Mosaikgesetz; Naturgesetz; Leitfaden; Literaturverzeichnis; Pluralheirat; Universitätspresse</subfield><subfield code="2">idssg-J</subfield></datafield><datafield ind1=" " ind2=" " tag="690"><subfield code="a">praktische Wissenschaft; rationale Kraft; aktives Prinzip; ausgewählte Schrift; böser Engel; endgültiges Ende; erste Sünde; geschaffener Wille; gleiche Gewohnheit; göttlich Erlaubnis; göttlich Willens; innerer Akt; moralische Gewohnheit; moralische Güte; moralische Tugend; nichtrationale Kraft; sakramentales Bekenntnis; spekulative Wissenschaft; theologische Tugend; topischer Leitfaden; äußere Tat</subfield><subfield code="2">idssg-J</subfield></datafield><datafield ind1=" " ind2=" " tag="690"><subfield code="a">Großbritannien C4EUUK</subfield><subfield code="2">idssg-J</subfield></datafield><datafield ind1=" " ind2=" " tag="690"><subfield code="a">Aristoteles; Christus; Danksagung Topische Leitfaden; Erlaubnis; Ethik John Duns Scotus Ausgewählte Schriften; Gott Alle; Gott Gibt; Gott Ist; Gott Wissen; Ix Xi Xiii; John Duns Scotus; John Duns Scotus Ausgewählte Schriften; Ordinatio Prolog Teil; Thomas Williams; Tugend Geschenke Seligpreisungen; Willens</subfield><subfield code="2">idssg-J</subfield></datafield><datafield ind1="1" ind2=" " tag="700"><subfield code="a">Duns Scotus, Johannes</subfield><subfield code="d">1265-1308</subfield><subfield code="0">(IDREF)026654989</subfield><subfield code="4">cre</subfield></datafield><datafield ind1="1" ind2=" " tag="700"><subfield code="a">Williams, Thomas</subfield><subfield code="d">1967-</subfield><subfield code="0">(DE-588)172465036</subfield><subfield code="4">edt</subfield><subfield code="6">880-02</subfield></datafield><datafield ind1="1" ind2=" " tag="880"><subfield code="6">700-02</subfield><subfield code="a">Williams, Thomas</subfield><subfield code="d">1967-....</subfield><subfield code="0">(IDREF)071384669</subfield></datafield><datafield ind1="4" ind2=" " tag="856"><subfield code="3">Inhaltsverzeichnis</subfield><subfield code="u">https://www.ub.unibas.ch/tox/IDSLUZ/001274389/PDF</subfield><subfield code="q">pdf</subfield></datafield><datafield ind1=" " ind2=" " tag="900"><subfield code="a">Stoppsignal FRED</subfield></datafield><datafield ind1=" " ind2=" " tag="949"><subfield code="a">https://www.ub.unibas.ch/tox/IDSLUZ/001274389/PDF</subfield></datafield></record>
</metadata></record>