<record><header><identifier>oai:alma.41SLSP_UGE:991000006219705502</identifier><datestamp>2023-03-21T01:09:39Z</datestamp><setSpec>uge_bcen_RapidILL_BOOK</setSpec><setSpec>uge_aaca_RapidILL_BOOK</setSpec><setSpec>uge_abels_RapidILL_BOOK</setSpec><setSpec>uge_dbu_RapidILL_BOOK</setSpec><setSpec>uge_cmu_RapidILL_BOOK</setSpec><setSpec>uge_mail_RapidILL_BOOK</setSpec><setSpec>uge_abbat_RapidILL_BOOK</setSpec><setSpec>UNIGE_ALL</setSpec><setSpec>uge_acar_RapidILL_BOOK</setSpec><setSpec>uge_aobs_RapidILL_BOOK</setSpec></header><metadata>
<record xmlns="http://www.loc.gov/MARC21/slim" xmlns:xsi="http://www.w3.org/2001/XMLSchema-instance" xsi:schemaLocation="http://www.loc.gov/MARC21/slim http://www.loc.gov/standards/marcxml/schema/MARC21slim.xsd"><leader>01250nam a2200373 c 4500</leader><controlfield tag="001">991000006219705502</controlfield><controlfield tag="005">20230320214126.0</controlfield><controlfield tag="008">000715s1992    sp ||||| |||| 00| ||pro d</controlfield><datafield ind1=" " ind2=" " tag="020"><subfield code="a">8434483629</subfield><subfield code="q">obra completa</subfield></datafield><datafield ind1=" " ind2=" " tag="020"><subfield code="a">8434483637</subfield><subfield code="q">T. 1</subfield></datafield><datafield ind1=" " ind2=" " tag="020"><subfield code="a">8434483645</subfield><subfield code="q">T. 2</subfield></datafield><datafield ind1=" " ind2=" " tag="020"><subfield code="a">8434483653</subfield><subfield code="q">T. 3</subfield></datafield><datafield ind1="7" ind2=" " tag="024"><subfield code="a">http://catalogue.bnf.fr/ark:/12148/cb376654765</subfield><subfield code="2">uri</subfield></datafield><datafield ind1=" " ind2=" " tag="035"><subfield code="a">(swissbib)094031495-41slsp_network</subfield></datafield><datafield ind1=" " ind2=" " tag="035"><subfield code="a">094031495</subfield><subfield code="9">ExL</subfield></datafield><datafield ind1=" " ind2=" " tag="035"><subfield code="a">(RERO)R242342060-41slsp</subfield></datafield><datafield ind1=" " ind2=" " tag="035"><subfield code="a">(EXLNZ-41SLSP_NETWORK)991102546409705501</subfield></datafield><datafield ind1=" " ind2=" " tag="040"><subfield code="a">RERO geulfr</subfield><subfield code="d">CH-ZuSLS</subfield></datafield><datafield ind1=" " ind2="7" tag="072"><subfield code="a">fm</subfield><subfield code="2">rero</subfield></datafield><datafield ind1=" " ind2="7" tag="072"><subfield code="a">es</subfield><subfield code="2">rero</subfield></datafield><datafield ind1="0" ind2="0" tag="245"><subfield code="a">&lt;&lt;Los&gt;&gt; Trovadores</subfield><subfield code="b">historia literaria y textos</subfield><subfield code="c">Martín de Riquer</subfield></datafield><datafield ind1=" " ind2=" " tag="250"><subfield code="a">2a ed.</subfield></datafield><datafield ind1=" " ind2="1" tag="264"><subfield code="a">Barcelona</subfield><subfield code="b">Ed. Ariel</subfield><subfield code="c">1992</subfield></datafield><datafield ind1=" " ind2=" " tag="300"><subfield code="a">3 vol. (1751 p.)</subfield><subfield code="c">21 cm</subfield></datafield><datafield ind1=" " ind2=" " tag="336"><subfield code="b">txt</subfield><subfield code="2">rdacontent</subfield></datafield><datafield ind1=" " ind2=" " tag="337"><subfield code="b">n</subfield><subfield code="2">rdamedia</subfield></datafield><datafield ind1=" " ind2=" " tag="338"><subfield code="b">nc</subfield><subfield code="2">rdacarrier</subfield></datafield><datafield ind1="1" ind2=" " tag="490"><subfield code="a">Letras e ideas. Studia</subfield></datafield><datafield ind1=" " ind2="7" tag="650"><subfield code="a">Poésie occitane</subfield><subfield code="0">(IDREF)027700631</subfield><subfield code="2">idref</subfield></datafield><datafield ind1=" " ind2="7" tag="650"><subfield code="a">Troubadours</subfield><subfield code="0">(IDREF)027254593</subfield><subfield code="2">idref</subfield></datafield><datafield ind1=" " ind2="7" tag="650"><subfield code="a">Moyen âge</subfield><subfield code="0">(IDREF)027329917</subfield><subfield code="2">idref</subfield></datafield><datafield ind1=" " ind2="7" tag="655"><subfield code="a">Anthologies</subfield><subfield code="0">(IDREF)027269493</subfield><subfield code="2">idref</subfield></datafield><datafield ind1="1" ind2=" " tag="700"><subfield code="a">Riquer, Martín de</subfield><subfield code="d">1914-2013</subfield><subfield code="0">(IDREF)030917859</subfield></datafield><datafield ind1=" " ind2=" " tag="830"><subfield code="a">Letras e Ideas</subfield><subfield code="p">Studia</subfield><subfield code="w">(RERO)0491550-41slsp</subfield></datafield><datafield ind1=" " ind2=" " tag="900"><subfield code="a">REROnoselfmerge</subfield></datafield></record>
</metadata></record>