<record><header><identifier>oai:alma.41SLSP_UGE:991011969421605502</identifier><datestamp>2023-11-09T01:43:52Z</datestamp><setSpec>UNIGE_ALL</setSpec></header><metadata>
<record xmlns="http://www.loc.gov/MARC21/slim" xmlns:xsi="http://www.w3.org/2001/XMLSchema-instance" xsi:schemaLocation="http://www.loc.gov/MARC21/slim http://www.loc.gov/standards/marcxml/schema/MARC21slim.xsd"><leader>03482nam a2200325 i 4500</leader><controlfield tag="001">991011969421605502</controlfield><controlfield tag="005">20230929172023.0</controlfield><controlfield tag="006">m     o  d        </controlfield><controlfield tag="007">cr |||||||||||</controlfield><controlfield tag="008">230929s2023    fr      o     000 0 fre d</controlfield><datafield ind1=" " ind2=" " tag="020"><subfield code="a">2-7492-7620-9</subfield></datafield><datafield ind1=" " ind2=" " tag="035"><subfield code="a">(CKB)5600000000591579</subfield></datafield><datafield ind1=" " ind2=" " tag="035"><subfield code="a">(NjHacI)995600000000591579</subfield></datafield><datafield ind1=" " ind2=" " tag="035"><subfield code="a">(PPN)27035400X</subfield></datafield><datafield ind1=" " ind2=" " tag="035"><subfield code="a">(EXLCZ)995600000000591579</subfield></datafield><datafield ind1=" " ind2=" " tag="040"><subfield code="a">NjHacI</subfield><subfield code="b">eng</subfield><subfield code="e">rda</subfield><subfield code="c">NjHacl</subfield></datafield><datafield ind1=" " ind2="4" tag="050"><subfield code="a">BJ1031</subfield><subfield code="b">.M668 2023</subfield></datafield><datafield ind1="0" ind2="4" tag="082"><subfield code="a">170</subfield><subfield code="2">23</subfield></datafield><datafield ind1="1" ind2=" " tag="100"><subfield code="a">Monteil, Pierre-Olivier,</subfield><subfield code="e">author.</subfield></datafield><datafield ind1="1" ind2="0" tag="245"><subfield code="a">Fabrique des mondes communs :</subfield><subfield code="b">réconcilier le travail, le management et la démocratie /</subfield><subfield code="c">Pierre-Olivier Monteil.</subfield></datafield><datafield ind1=" " ind2="1" tag="264"><subfield code="a">Toulouse :</subfield><subfield code="b">Érès,</subfield><subfield code="c">2023.</subfield></datafield><datafield ind1=" " ind2=" " tag="300"><subfield code="a">1 online resource (416 pages).</subfield></datafield><datafield ind1=" " ind2=" " tag="336"><subfield code="a">text</subfield><subfield code="b">txt</subfield><subfield code="2">rdacontent</subfield></datafield><datafield ind1=" " ind2=" " tag="337"><subfield code="a">computer</subfield><subfield code="b">c</subfield><subfield code="2">rdamedia</subfield></datafield><datafield ind1=" " ind2=" " tag="338"><subfield code="a">online resource</subfield><subfield code="b">cr</subfield><subfield code="2">rdacarrier</subfield></datafield><datafield ind1="1" ind2=" " tag="490"><subfield code="a">Erès poche. Psychanalyse</subfield></datafield><datafield ind1=" " ind2=" " tag="588"><subfield code="a">Description based on publisher supplied metadata and other sources.</subfield></datafield><datafield ind1=" " ind2=" " tag="520"><subfield code="a">A l'heure de la « grande démission », ce livre s'attache à apporter une réponse solide à la question : dans quelles conditions les fonctions de management peuvent-elles s'exercer en ayant un effet humanisant sur les personnes au travail ? Dans la suite de Éthique et philosophie du management (Erès, 2016), où il explorait les grandes lignes d'un management recherchant le consentement des collaborateurs, au-delà de la simple obéissance hiérarchique, l'auteur s'intéresse à présent à l'influence que le management exerce en tant que processus de socialisation des collaborateurs. Il se demande comment cette influence peut humaniser et émanciper, au lieu de déshumaniser et d'infantiliser, et contribuer à former des citoyens responsables et participatifs. Mettant à profit sa longue pratique, il s'attache à repenser le management pour qu'il contribue efficacement aux trois grandes fonctions d'une organisation de travail : produire, coopérer, innover. Ces trois grands axes qui constituent un enjeu politique à l'échelle de l'entreprise comme de la société, structurent l'ouvrage dans un dialogue constant entre sciences humaines et philosophieA l'heure de la « grande démission », ce livre s'attache à apporter une réponse solide à la question : dans quelles conditions les fonctions de management peuvent-elles s'exercer en ayant un effet humanisant sur les personnes au travail ? Dans la suite de Éthique et philosophie du management (Erès, 2016), où il explorait les grandes lignes d'un management recherchant le consentement des collaborateurs, au-delà de la simple obéissance hiérarchique, l'auteur s'intéresse à présent à l'influence que le management exerce en tant que processus de socialisation des collaborateurs. Il se demande comment cette influence peut humaniser et émanciper, au lieu de déshumaniser et d'infantiliser, et contribuer à former des citoyens responsables et participatifs. Mettant à profit sa longue pratique, il s'attache à repenser le management pour qu'il contribue efficacement aux trois grandes fonctions d'une organisation de travail : produire, coopérer, innover. Ces trois grands axes qui constituent un enjeu politique à l'échelle de l'entreprise comme de la société, structurent l'ouvrage dans un dialogue constant entre sciences humaines et philosophie.</subfield></datafield><datafield ind1=" " ind2="0" tag="650"><subfield code="a">Ethical problems.</subfield></datafield><datafield ind1=" " ind2=" " tag="776"><subfield code="z">2-7492-7618-7</subfield></datafield><datafield ind1=" " ind2="0" tag="830"><subfield code="a">Collection &quot;Érès poche--psychanalyse&quot;.</subfield></datafield><datafield ind1=" " ind2=" " tag="906"><subfield code="a">BOOK</subfield></datafield></record>
</metadata></record>