<record><header><identifier>oai:alma.41SLSP_UGE:991000005509705502</identifier><datestamp>2023-07-01T00:28:26Z</datestamp><setSpec>uge_bcen_RapidILL_BOOK</setSpec><setSpec>uge_aaca_RapidILL_BOOK</setSpec><setSpec>uge_abels_RapidILL_BOOK</setSpec><setSpec>uge_dbu_RapidILL_BOOK</setSpec><setSpec>uge_cmu_RapidILL_BOOK</setSpec><setSpec>uge_mail_RapidILL_BOOK</setSpec><setSpec>uge_abbat_RapidILL_BOOK</setSpec><setSpec>UNIGE_ALL</setSpec><setSpec>uge_aobs_RapidILL_BOOK</setSpec><setSpec>uge_acar_RapidILL_BOOK</setSpec></header><metadata>
<record xmlns="http://www.loc.gov/MARC21/slim" xmlns:xsi="http://www.w3.org/2001/XMLSchema-instance" xsi:schemaLocation="http://www.loc.gov/MARC21/slim http://www.loc.gov/standards/marcxml/schema/MARC21slim.xsd"><leader>01872naa a2200361 c 4500</leader><controlfield tag="001">991000005509705502</controlfield><controlfield tag="005">20230630213808.0</controlfield><controlfield tag="008">150204s2014    sz ||||| |||| 00| ||fre d</controlfield><datafield ind1=" " ind2=" " tag="035"><subfield code="a">(swissbib)121149242-41slsp_network</subfield></datafield><datafield ind1=" " ind2=" " tag="035"><subfield code="a">121149242</subfield><subfield code="9">ExL</subfield></datafield><datafield ind1=" " ind2=" " tag="035"><subfield code="a">(RERO)R008058114-41slsp</subfield></datafield><datafield ind1=" " ind2=" " tag="035"><subfield code="a">(EXLNZ-41SLSP_NETWORK)991091331949705501</subfield></datafield><datafield ind1=" " ind2=" " tag="040"><subfield code="a">RERO iftaf-</subfield><subfield code="d">CH-ZuSLS</subfield></datafield><datafield ind1=" " ind2=" " tag="044"><subfield code="a">sz</subfield><subfield code="c">ch-vd</subfield></datafield><datafield ind1=" " ind2="7" tag="072"><subfield code="a">dr</subfield><subfield code="2">rero</subfield></datafield><datafield ind1=" " ind2=" " tag="084"><subfield code="a">CA/CH-VD 54.7 i</subfield><subfield code="2">cjurrom</subfield></datafield><datafield ind1="1" ind2=" " tag="100"><subfield code="a">Verrey, Bastien</subfield><subfield code="d">19..-....</subfield><subfield code="0">(IDREF)257737502</subfield><subfield code="4">aut</subfield></datafield><datafield ind1="1" ind2="0" tag="245"><subfield code="a">&lt;&lt;Le&gt;&gt; remaniement parcellaire en droit fiscal vaudois</subfield><subfield code="b">impôt sur les gains immobiliers et droit de mutation</subfield><subfield code="c">Bastien Verrey</subfield></datafield><datafield ind1=" " ind2=" " tag="336"><subfield code="b">txt</subfield><subfield code="2">rdacontent</subfield></datafield><datafield ind1=" " ind2=" " tag="337"><subfield code="b">n</subfield><subfield code="2">rdamedia</subfield></datafield><datafield ind1=" " ind2=" " tag="338"><subfield code="b">nc</subfield><subfield code="2">rdacarrier</subfield></datafield><datafield ind1=" " ind2=" " tag="580"><subfield code="a">In: Revue de droit administratif et de droit fiscal : revue genevoise de droit public. Partie 2, Droit fiscal. - Lausanne ; Genève. - Année 70(2014), no 6, p. 501-512</subfield></datafield><datafield ind1=" " ind2="7" tag="650"><subfield code="a">Grundstückgewinnsteuer</subfield><subfield code="9">ger</subfield><subfield code="0">(RERO)jurivoc000010497ger</subfield><subfield code="2">jurivoc</subfield></datafield><datafield ind1=" " ind2="7" tag="650"><subfield code="a">Handänderungssteuer</subfield><subfield code="9">ger</subfield><subfield code="0">(RERO)jurivoc000010774ger</subfield><subfield code="2">jurivoc</subfield></datafield><datafield ind1=" " ind2="7" tag="650"><subfield code="a">kantonales Recht</subfield><subfield code="9">ger</subfield><subfield code="0">(RERO)jurivoc000012405ger</subfield><subfield code="2">jurivoc</subfield></datafield><datafield ind1=" " ind2="7" tag="650"><subfield code="a">Landumlegung</subfield><subfield code="9">ger</subfield><subfield code="0">(RERO)jurivoc000013913ger</subfield><subfield code="2">jurivoc</subfield></datafield><datafield ind1=" " ind2="7" tag="650"><subfield code="a">Gerichts- und Verwaltungspraxis</subfield><subfield code="9">ger</subfield><subfield code="0">(RERO)jurivoc000009624ger</subfield><subfield code="2">jurivoc</subfield></datafield><datafield ind1=" " ind2="7" tag="650"><subfield code="a">richterliche Behörde</subfield><subfield code="9">ger</subfield><subfield code="0">(RERO)jurivoc000018932ger</subfield><subfield code="2">jurivoc</subfield></datafield><datafield ind1=" " ind2="7" tag="650"><subfield code="a">kantonale Behörde</subfield><subfield code="9">ger</subfield><subfield code="0">(RERO)jurivoc000012350ger</subfield><subfield code="2">jurivoc</subfield></datafield><datafield ind1=" " ind2="7" tag="650"><subfield code="a">Kantonsgericht</subfield><subfield code="9">ger</subfield><subfield code="0">(RERO)jurivoc000012429ger</subfield><subfield code="2">jurivoc</subfield></datafield><datafield ind1=" " ind2="7" tag="651"><subfield code="a">Schweiz</subfield><subfield code="9">ger</subfield><subfield code="0">(RERO)jurivoc000019912ger</subfield><subfield code="2">jurivoc</subfield></datafield><datafield ind1=" " ind2="7" tag="651"><subfield code="a">Waadt</subfield><subfield code="9">ger</subfield><subfield code="0">(RERO)jurivoc000025972ger</subfield><subfield code="2">jurivoc</subfield></datafield><datafield ind1=" " ind2="7" tag="655"><subfield code="a">Kommentar(Bemerkung)</subfield><subfield code="9">ger</subfield><subfield code="2">jurivoc</subfield><subfield code="0">(RERO)jurivoc000013037ger</subfield></datafield><datafield ind1="0" ind2=" " tag="773"><subfield code="t">Revue de droit administratif et de droit fiscal : revue genevoise de droit public. Partie 2, Droit fiscal</subfield><subfield code="g">2014/501</subfield><subfield code="g">yr:2014</subfield><subfield code="w">(RERO)R221758760-41slsp</subfield></datafield></record>
</metadata></record>