<record><header><identifier>oai:alma.41SLSP_UGE:991000006029705502</identifier><datestamp>2023-06-26T00:15:07Z</datestamp><setSpec>UNIGE_ALL</setSpec></header><metadata>
<record xmlns="http://www.loc.gov/MARC21/slim" xmlns:xsi="http://www.w3.org/2001/XMLSchema-instance" xsi:schemaLocation="http://www.loc.gov/MARC21/slim http://www.loc.gov/standards/marcxml/schema/MARC21slim.xsd"><leader>02613ngm a2200445 c 4500</leader><controlfield tag="001">991000006029705502</controlfield><controlfield tag="005">20230625102402.0</controlfield><controlfield tag="007">vd |v||||</controlfield><controlfield tag="008">110628s2011    fr ||| |          v|fre d</controlfield><datafield ind1=" " ind2=" " tag="035"><subfield code="a">(swissbib)11389774X-41slsp_network</subfield></datafield><datafield ind1=" " ind2=" " tag="035"><subfield code="a">11389774X</subfield><subfield code="9">ExL</subfield></datafield><datafield ind1=" " ind2=" " tag="035"><subfield code="a">(RERO)R006088072-41slsp</subfield></datafield><datafield ind1=" " ind2=" " tag="035"><subfield code="a">(EXLNZ-41SLSP_NETWORK)991144698139705501</subfield></datafield><datafield ind1=" " ind2=" " tag="040"><subfield code="a">RERO geumem</subfield><subfield code="d">CH-ZuSLS</subfield></datafield><datafield ind1="1" ind2=" " tag="041"><subfield code="a">fre</subfield><subfield code="h">eng</subfield><subfield code="h">rus</subfield></datafield><datafield ind1=" " ind2="7" tag="072"><subfield code="a">td</subfield><subfield code="2">rero</subfield></datafield><datafield ind1="0" ind2="0" tag="245"><subfield code="a">&lt;&lt;Les&gt;&gt; nouveaux maîtres du monde</subfield><subfield code="c">une émission de Patrice Leconte</subfield></datafield><datafield ind1=" " ind2="1" tag="264"><subfield code="a">[Lieu de publication non identifié]</subfield><subfield code="b">Arte France</subfield><subfield code="b">Doc en stock [prod.]</subfield><subfield code="c">2011</subfield></datafield><datafield ind1=" " ind2=" " tag="300"><subfield code="a">1 DVD-R (102 min)</subfield></datafield><datafield ind1=" " ind2=" " tag="336"><subfield code="b">tdi</subfield><subfield code="2">rdacontent</subfield></datafield><datafield ind1=" " ind2=" " tag="337"><subfield code="b">v</subfield><subfield code="2">rdamedia</subfield></datafield><datafield ind1=" " ind2=" " tag="338"><subfield code="b">vd</subfield><subfield code="2">rdacarrier</subfield></datafield><datafield ind1="0" ind2=" " tag="490"><subfield code="a">Thema</subfield></datafield><datafield ind1=" " ind2=" " tag="500"><subfield code="a">Diffusé sur Arte, le 7 juin 2011</subfield></datafield><datafield ind1="0" ind2=" " tag="505"><subfield code="a">La guerre invisible / de Antoine Vitkine. - 2011. - 48 min.</subfield></datafield><datafield ind1="0" ind2=" " tag="505"><subfield code="a">Hackers : ni dieu, ni maître / de Fabien Benoît. - 2011. - 27 min.</subfield></datafield><datafield ind1="0" ind2=" " tag="505"><subfield code="a">Débat. - 27 min.</subfield></datafield><datafield ind1="0" ind2=" " tag="511"><subfield code="a">Eric Filiol, expert en sécurité informatique ; Sandro Gaycken, philosophe et chercheur en sécurité à la FREIE Universität, Berlin</subfield></datafield><datafield ind1="8" ind2=" " tag="520"><subfield code="a">1.Finie l'époque des hackers solitaires. L'heure est aux équipes d'ingénieurs, parfois d'anciens pirates informatiques, et de militaires, recrutés par les États, qui leur allouent des moyens colossaux. À travers le monde, ils façonnent la guerre de demain, un conflit invisible et lourd de menaces, dont le terrain d'affrontement est le cyberespace. 2.Une immersion instructive dans la vaste communauté des hackers. D'un côté, il y a les &quot;black hats&quot; (chapeaux noirs), les délinquants virtuels mus par l'appât du gain ; de l'autre, les &quot;white hats&quot; (chapeaux blancs) ou pirates bienveillants. À contre-courant des idées reçues, ce film raconte la génération hackers, entrée dans l'arène politique et médiatique à l'occasion du débat sur Hadopi.&quot;</subfield><subfield code="5">RERO/geumem/06.2011</subfield></datafield><datafield ind1=" " ind2="7" tag="650"><subfield code="a">Internet</subfield><subfield code="0">(IDREF)032317468</subfield><subfield code="2">idref</subfield></datafield><datafield ind1=" " ind2="7" tag="650"><subfield code="a">Cybercriminalité</subfield><subfield code="0">(IDREF)027673006</subfield><subfield code="2">idref</subfield></datafield><datafield ind1=" " ind2="7" tag="650"><subfield code="a">Systèmes informatiques</subfield><subfield code="0">(IDREF)027249913</subfield><subfield code="2">idref</subfield></datafield><datafield ind1=" " ind2="7" tag="650"><subfield code="a">Mesures de sûreté</subfield><subfield code="0">(IDREF)027798119</subfield><subfield code="2">idref</subfield></datafield><datafield ind1=" " ind2="7" tag="650"><subfield code="a">Défense</subfield><subfield code="0">(IDREF)027810194</subfield><subfield code="2">idref</subfield></datafield><datafield ind1=" " ind2="7" tag="650"><subfield code="a">Pirates informatiques</subfield><subfield code="0">(IDREF)061614408</subfield><subfield code="2">idref</subfield></datafield><datafield ind1=" " ind2="7" tag="650"><subfield code="a">Société numérique</subfield><subfield code="0">(IDREF)035733438</subfield><subfield code="2">idref</subfield></datafield><datafield ind1=" " ind2="7" tag="655"><subfield code="a">DVD</subfield><subfield code="2">idref</subfield><subfield code="0">(IDREF)035108444</subfield></datafield><datafield ind1="1" ind2=" " tag="700"><subfield code="a">Leconte, Daniel</subfield><subfield code="0">(RERO)A003506465</subfield></datafield><datafield ind1="1" ind2=" " tag="700"><subfield code="a">Vitkine, Antoine</subfield><subfield code="c">journaliste</subfield><subfield code="d">1977-....</subfield><subfield code="0">(IDREF)085728721</subfield></datafield><datafield ind1="1" ind2=" " tag="700"><subfield code="a">Benoit, Fabien</subfield><subfield code="d">1984-....</subfield><subfield code="0">(IDREF)168450089</subfield></datafield><datafield ind1="1" ind2=" " tag="700"><subfield code="a">Filiol, Éric</subfield><subfield code="d">19..-....</subfield><subfield code="0">(IDREF)076114945</subfield></datafield></record>
</metadata></record>