<record><header><identifier>oai:alma.41SLSP_UGE:991000005299705502</identifier><datestamp>2023-03-01T01:09:06Z</datestamp><setSpec>UNIGE_ALL</setSpec></header><metadata>
<record xmlns="http://www.loc.gov/MARC21/slim" xmlns:xsi="http://www.w3.org/2001/XMLSchema-instance" xsi:schemaLocation="http://www.loc.gov/MARC21/slim http://www.loc.gov/standards/marcxml/schema/MARC21slim.xsd"><leader>00917njm a22002777c 4500</leader><controlfield tag="001">991000005299705502</controlfield><controlfield tag="005">20211109184153.0</controlfield><controlfield tag="007">sd b||||||||||</controlfield><controlfield tag="008">110122s1973    xx ||n |            und d</controlfield><datafield ind1="0" ind2="2" tag="028"><subfield code="a">EMI C-069-12139</subfield></datafield><datafield ind1=" " ind2=" " tag="035"><subfield code="a">(swissbib)113542038-41slsp_network</subfield></datafield><datafield ind1=" " ind2=" " tag="035"><subfield code="a">113542038</subfield><subfield code="9">ExL</subfield></datafield><datafield ind1=" " ind2=" " tag="035"><subfield code="a">(RERO)R006019061-41slsp</subfield></datafield><datafield ind1=" " ind2=" " tag="035"><subfield code="a">(EXLNZ-41SLSP_NETWORK)991131298559705501</subfield></datafield><datafield ind1=" " ind2=" " tag="040"><subfield code="a">RERO geulmu</subfield><subfield code="d">CH-ZuSLS</subfield></datafield><datafield ind1=" " ind2="7" tag="072"><subfield code="a">mu</subfield><subfield code="2">rero</subfield></datafield><datafield ind1="1" ind2=" " tag="100"><subfield code="a">Dukas, Paul</subfield><subfield code="d">1865-1935</subfield><subfield code="0">(IDREF)026842505</subfield><subfield code="4">cre</subfield></datafield><datafield ind1="1" ind2="0" tag="245"><subfield code="a">Symphonie en ut majeur</subfield><subfield code="b">Ariane et Barbe-Bleue</subfield><subfield code="c">Paul Dukas</subfield></datafield><datafield ind1=" " ind2="1" tag="264"><subfield code="a">[Lieu de publication non identifié]</subfield><subfield code="b">[éditeur non identifié]</subfield><subfield code="c">1973</subfield></datafield><datafield ind1=" " ind2=" " tag="300"><subfield code="a">1 disque sonore</subfield><subfield code="b">33 t.</subfield></datafield><datafield ind1=" " ind2=" " tag="336"><subfield code="b">prm</subfield><subfield code="2">rdacontent</subfield></datafield><datafield ind1=" " ind2=" " tag="337"><subfield code="b">s</subfield><subfield code="2">rdamedia</subfield></datafield><datafield ind1=" " ind2=" " tag="338"><subfield code="b">sd</subfield><subfield code="2">rdacarrier</subfield></datafield><datafield ind1=" " ind2=" " tag="500"><subfield code="a">Formation: orchestre symphonique</subfield></datafield><datafield ind1="0" ind2=" " tag="505"><subfield code="a">[Symphonies. Do majeur]</subfield></datafield><datafield ind1="1" ind2=" " tag="700"><subfield code="a">Martinon, Jean</subfield><subfield code="c">chef d'orchestre</subfield><subfield code="d">1910-1976</subfield><subfield code="0">(IDREF)080491162</subfield></datafield><datafield ind1=" " ind2=" " tag="900"><subfield code="a">REROnoselfmerge</subfield></datafield><datafield ind1=" " ind2=" " tag="960"><subfield code="2">matmu</subfield><subfield code="a">France ; XXe ; Symphonies ; Orchestre</subfield><subfield code="9">LOCAL</subfield></datafield></record>
</metadata></record>