<record><header><identifier>oai:alma.41SLSP_UGE:991000005819705502</identifier><datestamp>2023-11-25T02:47:55Z</datestamp><setSpec>uge_bcen_RapidILL_BOOK</setSpec><setSpec>uge_aaca_RapidILL_BOOK</setSpec><setSpec>uge_abels_RapidILL_BOOK</setSpec><setSpec>uge_dbu_RapidILL_BOOK</setSpec><setSpec>uge_cmu_RapidILL_BOOK</setSpec><setSpec>uge_mail_RapidILL_BOOK</setSpec><setSpec>uge_abbat_RapidILL_BOOK</setSpec><setSpec>UNIGE_ALL</setSpec><setSpec>uge_acar_RapidILL_BOOK</setSpec><setSpec>uge_aobs_RapidILL_BOOK</setSpec></header><metadata>
<record xmlns="http://www.loc.gov/MARC21/slim" xmlns:xsi="http://www.w3.org/2001/XMLSchema-instance" xsi:schemaLocation="http://www.loc.gov/MARC21/slim http://www.loc.gov/standards/marcxml/schema/MARC21slim.xsd"><leader>02066nam a2200505 c 4500</leader><controlfield tag="001">991000005819705502</controlfield><controlfield tag="005">20230327174827.0</controlfield><controlfield tag="008">201011s2006    sz a     |||| 000 0 fre|d</controlfield><datafield ind1=" " ind2=" " tag="035"><subfield code="a">(swissbib)224787608-41slsp_network</subfield></datafield><datafield ind1=" " ind2=" " tag="035"><subfield code="a">224787608</subfield><subfield code="9">ExL</subfield></datafield><datafield ind1=" " ind2=" " tag="035"><subfield code="a">(NEBIS)005346420EBI01</subfield></datafield><datafield ind1=" " ind2=" " tag="035"><subfield code="a">(IDSBB)004109314DSV01</subfield></datafield><datafield ind1=" " ind2=" " tag="035"><subfield code="a">(RERO)R004309412-41slsp</subfield></datafield><datafield ind1=" " ind2=" " tag="035"><subfield code="a">(SLB)vtls001482833</subfield></datafield><datafield ind1=" " ind2=" " tag="035"><subfield code="a">(ALEX)bv001445637</subfield></datafield><datafield ind1=" " ind2=" " tag="035"><subfield code="a">(EXLNZ-41SLSP_NETWORK)991041402119705501</subfield></datafield><datafield ind1=" " ind2=" " tag="040"><subfield code="a">SLB</subfield><subfield code="d">CH-ZuSLS</subfield></datafield><datafield ind1=" " ind2=" " tag="044"><subfield code="a">sz</subfield><subfield code="c">ch-vd</subfield></datafield><datafield ind1=" " ind2="7" tag="072"><subfield code="a">gg</subfield><subfield code="2">SzZuIDS BS/BE</subfield></datafield><datafield ind1=" " ind2="7" tag="072"><subfield code="a">ur</subfield><subfield code="2">rero</subfield></datafield><datafield ind1=" " ind2="7" tag="072"><subfield code="a">so</subfield><subfield code="2">rero</subfield></datafield><datafield ind1="0" ind2="0" tag="245"><subfield code="a">Participation et développement urbain durable</subfield><subfield code="c">Observatoire universitaire de la ville et du développement durable</subfield></datafield><datafield ind1=" " ind2="1" tag="264"><subfield code="a">Lausanne</subfield><subfield code="b">Observatoire universitaire de la Ville et du développement durable</subfield><subfield code="c">2006</subfield></datafield><datafield ind1=" " ind2=" " tag="300"><subfield code="a">141 p.</subfield><subfield code="b">ill.</subfield></datafield><datafield ind1=" " ind2=" " tag="336"><subfield code="b">txt</subfield><subfield code="2">rdacontent</subfield></datafield><datafield ind1=" " ind2=" " tag="337"><subfield code="b">n</subfield><subfield code="2">rdamedia</subfield></datafield><datafield ind1=" " ind2=" " tag="338"><subfield code="b">nc</subfield><subfield code="2">rdacarrier</subfield></datafield><datafield ind1="1" ind2=" " tag="490"><subfield code="a">Urbia</subfield><subfield code="v">no 3</subfield></datafield><datafield ind1=" " ind2=" " tag="500"><subfield code="a">Catalogué d'après la couv.</subfield></datafield><datafield ind1=" " ind2=" " tag="504"><subfield code="a">Bibliogr.</subfield></datafield><datafield ind1=" " ind2="7" tag="650"><subfield code="a">Partizipation</subfield><subfield code="2">idszbz</subfield></datafield><datafield ind1=" " ind2="7" tag="650"><subfield code="a">Stadtentwicklung</subfield><subfield code="2">idszbz</subfield></datafield><datafield ind1=" " ind2="7" tag="650"><subfield code="a">COMPOSITION URBAINE + DESIGN URBAIN (URBANISME)</subfield><subfield code="9">fre</subfield><subfield code="0">(ETHUDK)000035350</subfield><subfield code="2">ethudk</subfield></datafield><datafield ind1=" " ind2="7" tag="650"><subfield code="a">DÉVELOPPEMENT URBAIN (URBANISME)</subfield><subfield code="9">fre</subfield><subfield code="0">(ETHUDK)000036854</subfield><subfield code="2">ethudk</subfield></datafield><datafield ind1=" " ind2="7" tag="650"><subfield code="a">PARTICIPATION PUBLIQUE (AMÉNAGEMENT DU TERRITOIRE)</subfield><subfield code="9">fre</subfield><subfield code="0">(ETHUDK)000010158</subfield><subfield code="2">ethudk</subfield></datafield><datafield ind1=" " ind2="7" tag="650"><subfield code="a">TOURS (FRANCE)</subfield><subfield code="9">fre</subfield><subfield code="0">(ETHUDK)000003434</subfield><subfield code="2">ethudk</subfield></datafield><datafield ind1=" " ind2="7" tag="650"><subfield code="a">Développement durable</subfield><subfield code="0">(IDREF)031514669</subfield><subfield code="2">idref</subfield></datafield><datafield ind1=" " ind2="7" tag="650"><subfield code="a">Participation des citoyens</subfield><subfield code="0">(IDREF)027519813</subfield><subfield code="2">idref</subfield></datafield><datafield ind1=" " ind2="7" tag="650"><subfield code="a">Développement communautaire urbain</subfield><subfield code="0">(IDREF)027741184</subfield><subfield code="2">idref</subfield></datafield><datafield ind1=" " ind2="7" tag="655"><subfield code="a">Aufsatzsammlung</subfield><subfield code="2">idszbz</subfield></datafield><datafield ind1=" " ind2="7" tag="655"><subfield code="a">[Études diverses]</subfield><subfield code="0">(RERO)A022249905</subfield><subfield code="2">rero</subfield></datafield><datafield ind1="1" ind2=" " tag="700"><subfield code="a">Dind, Jean-Philippe</subfield></datafield><datafield ind1="2" ind2=" " tag="710"><subfield code="a">Université de Lausanne</subfield><subfield code="b">Observatoire universitaire de la ville et du développement durable</subfield><subfield code="0">(DE-588)1077563477</subfield></datafield><datafield ind1=" " ind2=" " tag="830"><subfield code="a">Urbia</subfield><subfield code="v">3</subfield><subfield code="w">(IDSBB)004109253DSV01</subfield></datafield><datafield ind1=" " ind2=" " tag="900"><subfield code="a">IDSE5E61ANH-2012</subfield></datafield><datafield ind1=" " ind2=" " tag="900"><subfield code="a">IDSZ2zbzmon200705p</subfield><subfield code="c">IDSZ2haff</subfield><subfield code="d">IDSZ2zbzswk200710b</subfield><subfield code="e">IDSZ2hang</subfield></datafield><datafield ind1=" " ind2=" " tag="900"><subfield code="a">REROnoselfmerge</subfield></datafield></record>
</metadata></record>