<record><header><identifier>oai:alma.41SLSP_UGE:991011969419705502</identifier><datestamp>2024-10-24T00:06:38Z</datestamp><setSpec>UNIGE_ALL</setSpec></header><metadata>
<record xmlns="http://www.loc.gov/MARC21/slim" xmlns:xsi="http://www.w3.org/2001/XMLSchema-instance" xsi:schemaLocation="http://www.loc.gov/MARC21/slim http://www.loc.gov/standards/marcxml/schema/MARC21slim.xsd"><leader>02245nam a2200337 i 4500</leader><controlfield tag="001">991011969419705502</controlfield><controlfield tag="005">20230923215229.0</controlfield><controlfield tag="006">m     o  d        </controlfield><controlfield tag="007">cr |||||||||||</controlfield><controlfield tag="008">241012s2014    fr |    o|||||0|0|||fre d</controlfield><datafield ind1=" " ind2=" " tag="020"><subfield code="a">979-1-03-702513-5</subfield></datafield><datafield ind1=" " ind2=" " tag="035"><subfield code="a">(CKB)5720000000176288</subfield></datafield><datafield ind1=" " ind2=" " tag="035"><subfield code="a">(NjHacI)995720000000176288</subfield></datafield><datafield ind1=" " ind2=" " tag="035"><subfield code="a">(FR-PaCSA)88952759</subfield></datafield><datafield ind1=" " ind2=" " tag="035"><subfield code="a">(FRCYB88952759)88952759</subfield></datafield><datafield ind1=" " ind2=" " tag="035"><subfield code="a">(EXLCZ)995720000000176288</subfield></datafield><datafield ind1=" " ind2=" " tag="040"><subfield code="a">NjHacI</subfield><subfield code="b">eng</subfield><subfield code="e">rda</subfield><subfield code="c">NjHacl</subfield></datafield><datafield ind1=" " ind2="4" tag="050"><subfield code="a">BF173.L15</subfield><subfield code="b">.P467 2014</subfield></datafield><datafield ind1="0" ind2="4" tag="082"><subfield code="a">150.195092</subfield><subfield code="2">23</subfield></datafield><datafield ind1="0" ind2="0" tag="245"><subfield code="a">Penser avec Lacan :</subfield><subfield code="b">nouvelles lectures /</subfield><subfield code="c">sous la direction de Guy-Félix Duportail.</subfield></datafield><datafield ind1=" " ind2="1" tag="264"><subfield code="a">Paris :</subfield><subfield code="b">Hermann,</subfield><subfield code="c">2014.</subfield></datafield><datafield ind1=" " ind2=" " tag="300"><subfield code="a">1 online resource (215 pages) :</subfield><subfield code="b">illustrations.</subfield></datafield><datafield ind1=" " ind2=" " tag="336"><subfield code="a">text</subfield><subfield code="b">txt</subfield><subfield code="2">rdacontent</subfield></datafield><datafield ind1=" " ind2=" " tag="337"><subfield code="a">computer</subfield><subfield code="b">c</subfield><subfield code="2">rdamedia</subfield></datafield><datafield ind1=" " ind2=" " tag="338"><subfield code="a">online resource</subfield><subfield code="b">cr</subfield><subfield code="2">rdacarrier</subfield></datafield><datafield ind1="1" ind2=" " tag="490"><subfield code="a">Collection Hermann Philosophie</subfield></datafield><datafield ind1=" " ind2=" " tag="588"><subfield code="a">Description based on publisher supplied metadata and other sources.</subfield></datafield><datafield ind1=" " ind2=" " tag="520"><subfield code="a">Trente ans après la mort de Lacan, cet ouvrage collectif (dé)montre qu'il est encore possible de se passionner pour son oeuvre. Les textes qui composent ce recueil ont été rédigés, pour la plupart, par de jeunes enseignants-chercheurs en philosophie, qui ont tous accepté de relever le pari de produire une nouvelle lecture de Lacan. La diversité des problématiques et des approches qui en résulte est précieuse. La réflexion philosophique est ici au service d'un réveil de la pensée analytique, à égale distance critique de l'antipsychanalisme ambiant que de la révérence obséquieuse. On y pose en toute liberté les questions cruciales : celles du bien dire sur les femmes, de la pensée politique de l'aliénation, du statut de l'objet du désir, du sens existentiel de la psychanalyse, de l'humanisme analytique, de l'au-delà de l'OEdipe, et enfin celle de la critique de Lacan par ses pairs de la French Thought (Derrida, Deleuze, Foucault, etc.). Loin des chapelles et des lectures officielles la pensée de Jacques Lacan n'a peut être jamais été aussi vivante.</subfield></datafield><datafield ind1=" " ind2=" " tag="504"><subfield code="a">Includes bibliographical references.</subfield></datafield><datafield ind1=" " ind2="0" tag="650"><subfield code="a">Psychoanalysis.</subfield></datafield><datafield ind1="1" ind2="0" tag="600"><subfield code="a">Lacan, Jacques,</subfield><subfield code="d">1901-1981.</subfield></datafield><datafield ind1=" " ind2=" " tag="776"><subfield code="z">2-7056-8826-9</subfield></datafield><datafield ind1="1" ind2=" " tag="700"><subfield code="a">Duportail, Guy-Félix,</subfield><subfield code="e">editor.</subfield></datafield><datafield ind1=" " ind2="0" tag="830"><subfield code="a">Philosophie (Hermann (Firm))</subfield></datafield><datafield ind1=" " ind2=" " tag="906"><subfield code="a">BOOK</subfield></datafield></record>
</metadata></record>