<record><header><identifier>oai:alma.41SLSP_UGE:991011969419305502</identifier><datestamp>2023-03-01T01:09:06Z</datestamp><setSpec>UNIGE_ALL</setSpec></header><metadata>
<record xmlns="http://www.loc.gov/MARC21/slim" xmlns:xsi="http://www.w3.org/2001/XMLSchema-instance" xsi:schemaLocation="http://www.loc.gov/MARC21/slim http://www.loc.gov/standards/marcxml/schema/MARC21slim.xsd"><leader>03221nam a22006012u 4500</leader><controlfield tag="001">991011969419305502</controlfield><controlfield tag="005">20210114234331.0</controlfield><controlfield tag="006">m        d        </controlfield><controlfield tag="007">cr#-n---------</controlfield><controlfield tag="008">100913s2006|||||||     s|||||||||||fre|d</controlfield><datafield ind1=" " ind2=" " tag="020"><subfield code="a">1-280-93940-0</subfield></datafield><datafield ind1=" " ind2=" " tag="020"><subfield code="a">9786610939404</subfield></datafield><datafield ind1=" " ind2=" " tag="020"><subfield code="a">1-4294-6823-8</subfield></datafield><datafield ind1=" " ind2=" " tag="020"><subfield code="a">2-7598-0156-X</subfield></datafield><datafield ind1="7" ind2=" " tag="024"><subfield code="a">10.1051/978-2-7598-0156-5</subfield><subfield code="2">doi</subfield></datafield><datafield ind1=" " ind2=" " tag="035"><subfield code="a">(CKB)1000000000335236</subfield></datafield><datafield ind1=" " ind2=" " tag="035"><subfield code="a">(EBL)309917</subfield></datafield><datafield ind1=" " ind2=" " tag="035"><subfield code="a">(OCoLC)173240733</subfield></datafield><datafield ind1=" " ind2=" " tag="035"><subfield code="a">(SSID)ssj0000752319</subfield></datafield><datafield ind1=" " ind2=" " tag="035"><subfield code="a">(PQKBManifestationID)11415221</subfield></datafield><datafield ind1=" " ind2=" " tag="035"><subfield code="a">(PQKBTitleCode)TC0000752319</subfield></datafield><datafield ind1=" " ind2=" " tag="035"><subfield code="a">(PQKBWorkID)10786646</subfield></datafield><datafield ind1=" " ind2=" " tag="035"><subfield code="a">(PQKB)10663262</subfield></datafield><datafield ind1=" " ind2=" " tag="035"><subfield code="a">(MiAaPQ)EBC309917</subfield></datafield><datafield ind1=" " ind2=" " tag="035"><subfield code="a">(DE-B1597)573335</subfield></datafield><datafield ind1=" " ind2=" " tag="035"><subfield code="a">(DE-B1597)9782759801565</subfield></datafield><datafield ind1=" " ind2=" " tag="035"><subfield code="a">(Au-PeEL)EBL309917</subfield></datafield><datafield ind1=" " ind2=" " tag="035"><subfield code="a">(CaONFJC)MIL93940</subfield></datafield><datafield ind1=" " ind2=" " tag="035"><subfield code="a">(OCoLC)935263812</subfield></datafield><datafield ind1=" " ind2=" " tag="035"><subfield code="a">(PPN)170226646</subfield></datafield><datafield ind1=" " ind2=" " tag="035"><subfield code="a">(EXLCZ)991000000000335236</subfield></datafield><datafield ind1=" " ind2=" " tag="040"><subfield code="a">AU-PeEL</subfield><subfield code="b">eng</subfield><subfield code="c">AU-PeEL</subfield><subfield code="d">AU-PeEL</subfield></datafield><datafield ind1=" " ind2=" " tag="041"><subfield code="a">fre</subfield></datafield><datafield ind1=" " ind2=" " tag="044"><subfield code="a">fr</subfield><subfield code="c">FR</subfield></datafield><datafield ind1=" " ind2="4" tag="050"><subfield code="a">Q127.A424 S35 2006eb</subfield></datafield><datafield ind1=" " ind2="7" tag="072"><subfield code="a">SCI008000</subfield><subfield code="2">bisacsh</subfield></datafield><datafield ind1="0" ind2="0" tag="082"><subfield code="a">500.960</subfield></datafield><datafield ind1="1" ind2=" " tag="100"><subfield code="a">Encrenaz, Thérèse.</subfield></datafield><datafield ind1=" " ind2=" " tag="210"><subfield code="a">SCIENCES ET PAYS EN DיVELOPPEMENT</subfield></datafield><datafield ind1=" " ind2=" " tag="210"><subfield code="a">SCIENCES ET PAYS EN DÉVELOPPEMENT</subfield></datafield><datafield ind1="1" ind2="0" tag="245"><subfield code="a">Sciences et pays en développement</subfield><subfield code="h">[electronic resource] :</subfield><subfield code="b">Afrique subsaharienne francophone.</subfield></datafield><datafield ind1=" " ind2=" " tag="246"><subfield code="a">Sciences et pays en développement</subfield></datafield><datafield ind1=" " ind2=" " tag="260"><subfield code="a">Les Ulis :</subfield><subfield code="b">EDP Sciences,</subfield><subfield code="c">2006.</subfield></datafield><datafield ind1=" " ind2=" " tag="300"><subfield code="a">1 online resource (423 p.)</subfield></datafield><datafield ind1=" " ind2=" " tag="336"><subfield code="a">text</subfield><subfield code="b">txt</subfield></datafield><datafield ind1=" " ind2=" " tag="337"><subfield code="a">computer</subfield><subfield code="b">c</subfield></datafield><datafield ind1=" " ind2=" " tag="338"><subfield code="a">online resource</subfield><subfield code="b">cr</subfield></datafield><datafield ind1="0" ind2=" " tag="490"><subfield code="a">Académie des sciences</subfield></datafield><datafield ind1=" " ind2=" " tag="500"><subfield code="a">Description based upon print version of record.</subfield></datafield><datafield ind1="0" ind2=" " tag="505"><subfield code="a">Composition du Comité RST; Avant-Propos; Composition du groupe de travail; Table des matières; Introduction; Vue d'Ensemble; PREMIERE PARTIE:L'Etat de la science en Afrique; Chapitre 1 - Aspects socio-économiques en Afrique francophone; Chapitre 2 - Education de base en Afrique subsaharienne; Chapitre 3 - Etat comparatif des sciences en Afrique; DEUXIEME PARTIE: Position de la France par rapport au développement scientifique et technique en Afrique - Formation et recherche par grands secteurs; Chapitre 4 - Mathématiques et sciences physiques; Chapitre 5 - Sciences de la vie et santé</subfield></datafield><datafield ind1="8" ind2=" " tag="505"><subfield code="a">Chapitre 6 - Agriculture, sécurité alimentaire, offre française en matière de rechercheChapitre 7 - Ressources naturelles; Chapitre 8 - Sciences humaines et sociales; TROISIEME PARTIE: Les conditions d'un renouveau; Chapitre 9 - Considérations générales - Recherche et pays en développement. Quel avenir pour l'Afrique? Eléments de réflexion; Chapitre 10 - La recherche française pour le développement durable dans les payx</subfield></datafield><datafield ind1=" " ind2=" " tag="520"><subfield code="a">This work takes stock of the precarious situation of African universities and other research centers in Africa which is the main cause of a massive exodus of students that is often permanent. As a result the structure of the local research centers remains impaired although the phenomenon is well known on the African as well as the international level.</subfield></datafield><datafield ind1=" " ind2=" " tag="546"><subfield code="a">French</subfield></datafield><datafield ind1=" " ind2=" " tag="540"><subfield code="a">This eBook is made available Open Access under a CC BY-NC-ND 4.0 license: </subfield><subfield code="u">https://creativecommons.org/licenses/by-nc-nd/4.0 </subfield><subfield code="u">https://www.degruyter.com/dg/page/open-access-policy</subfield></datafield><datafield ind1=" " ind2=" " tag="588"><subfield code="a">Description based on publisher supplied metadata and other sources.</subfield></datafield><datafield ind1=" " ind2="4" tag="650"><subfield code="a">Science.</subfield></datafield><datafield ind1=" " ind2="4" tag="650"><subfield code="a">Science.</subfield></datafield><datafield ind1=" " ind2="7" tag="650"><subfield code="a">Physical Sciences &amp; Mathematics</subfield><subfield code="2">HILCC</subfield></datafield><datafield ind1=" " ind2="7" tag="650"><subfield code="a">Sciences - General</subfield><subfield code="2">HILCC</subfield></datafield><datafield ind1="1" ind2=" " tag="700"><subfield code="a">Barucci, Maria-Antonietta.</subfield></datafield><datafield ind1="1" ind2=" " tag="700"><subfield code="a">Bibring, Jean-Pierre.</subfield></datafield><datafield ind1=" " ind2=" " tag="710"><subfield code="a">Académie des sciences (France)</subfield><subfield code="e">Content Provider</subfield></datafield><datafield ind1=" " ind2=" " tag="710"><subfield code="a">ebrary, Inc</subfield><subfield code="e">Content Provider</subfield></datafield><datafield ind1=" " ind2=" " tag="776"><subfield code="z">2-86883-819-7</subfield></datafield><datafield ind1=" " ind2=" " tag="906"><subfield code="a">BOOK</subfield></datafield></record>
</metadata></record><record><header status="deleted"><identifier>oai:alma.41SLSP_UGE:991011969421405502</identifier><datestamp>2023-06-14T00:12:40Z</datestamp><setSpec>UNIGE_ALL</setSpec></header></record>