<record><header><identifier>oai:alma.41SLSP_UGE:991011969423505502</identifier><datestamp>2024-03-20T02:59:48Z</datestamp><setSpec>UNIGE_ALL</setSpec></header><metadata>
<record xmlns="http://www.loc.gov/MARC21/slim" xmlns:xsi="http://www.w3.org/2001/XMLSchema-instance" xsi:schemaLocation="http://www.loc.gov/MARC21/slim http://www.loc.gov/standards/marcxml/schema/MARC21slim.xsd"><leader>-----nas--22004215i-4500</leader><controlfield tag="001">991011969423505502</controlfield><controlfield tag="005">20240205213016.0</controlfield><controlfield tag="006">m-----o--d-|------</controlfield><controlfield tag="007">cr-|||||||||||</controlfield><controlfield tag="008">220302c20239999dcumr-p-o-----0---a0eng--</controlfield><datafield ind1=" " ind2=" " tag="010"><subfield code="a">  2022200430</subfield></datafield><datafield ind1=" " ind2=" " tag="035"><subfield code="a">(DE-599)ZDB2771-9545</subfield></datafield><datafield ind1=" " ind2=" " tag="035"><subfield code="a">(OCoLC)1301363762</subfield></datafield><datafield ind1=" " ind2=" " tag="035"><subfield code="a">(CKB)5170000000034284</subfield></datafield><datafield ind1=" " ind2=" " tag="035"><subfield code="a">(CONSER)--2022200430</subfield></datafield><datafield ind1=" " ind2=" " tag="035"><subfield code="a">(EXLCZ)995170000000034284</subfield></datafield><datafield ind1=" " ind2=" " tag="037"><subfield code="b">1155 16th St. NW, Washington, DC 20036</subfield></datafield><datafield ind1=" " ind2=" " tag="042"><subfield code="a">pcc</subfield><subfield code="a">nsdp</subfield></datafield><datafield ind1="0" ind2="0" tag="050"><subfield code="a">IN PROCESS TA401+</subfield></datafield><datafield ind1="0" ind2="0" tag="082"><subfield code="a">620.11</subfield><subfield code="2">23/eng/20230210</subfield></datafield><datafield ind1="0" ind2=" " tag="210"><subfield code="a">ACS appl. eng. mater.</subfield></datafield><datafield ind1=" " ind2="0" tag="222"><subfield code="a">ACS applied engineering materials</subfield></datafield><datafield ind1="0" ind2="0" tag="245"><subfield code="a">ACS applied engineering materials.</subfield></datafield><datafield ind1="1" ind2=" " tag="246"><subfield code="a">Applied engineering materials</subfield></datafield><datafield ind1="1" ind2=" " tag="246"><subfield code="a">ACS AEM</subfield></datafield><datafield ind1="1" ind2=" " tag="246"><subfield code="a">AEM</subfield></datafield><datafield ind1=" " ind2="1" tag="264"><subfield code="a">Washington, DC :</subfield><subfield code="b">American Chemical Society,</subfield><subfield code="c">2023-</subfield></datafield><datafield ind1=" " ind2=" " tag="310"><subfield code="a">Monthly</subfield></datafield><datafield ind1=" " ind2=" " tag="336"><subfield code="a">text</subfield><subfield code="b">txt</subfield><subfield code="2">rdacontent</subfield></datafield><datafield ind1=" " ind2=" " tag="337"><subfield code="a">computer</subfield><subfield code="b">c</subfield><subfield code="2">rdamedia</subfield></datafield><datafield ind1=" " ind2=" " tag="338"><subfield code="a">online resource</subfield><subfield code="b">cr</subfield><subfield code="2">rdacarrier</subfield></datafield><datafield ind1="1" ind2=" " tag="362"><subfield code="a">Began with: Volume 1, number 1</subfield></datafield><datafield ind1="0" ind2=" " tag="588"><subfield code="a">Volume 1, number 1 (January 2023) ; title from cover image (pubs.acs.org ; viewed February 10, 2023).</subfield></datafield><datafield ind1="1" ind2=" " tag="588"><subfield code="a">Volume 1, number 1 (January 2023) (February 10, 2023).</subfield></datafield><datafield ind1=" " ind2="0" tag="650"><subfield code="a">Materials science</subfield><subfield code="v">Periodicals.</subfield></datafield><datafield ind1=" " ind2="0" tag="650"><subfield code="a">Engineering</subfield></datafield><datafield ind1=" " ind2=" " tag="776"><subfield code="x">2771-9545</subfield></datafield><datafield ind1="2" ind2=" " tag="710"><subfield code="a">American Chemical Society,</subfield><subfield code="e">publisher.</subfield></datafield><datafield ind1=" " ind2=" " tag="906"><subfield code="a">JOURNAL</subfield></datafield></record>
</metadata></record>