<record><header><identifier>oai:alma.41SLSP_UGE:991011969419105502</identifier><datestamp>2024-06-10T00:08:39Z</datestamp><setSpec>UNIGE_ALL</setSpec></header><metadata>
<record xmlns="http://www.loc.gov/MARC21/slim" xmlns:xsi="http://www.w3.org/2001/XMLSchema-instance" xsi:schemaLocation="http://www.loc.gov/MARC21/slim http://www.loc.gov/standards/marcxml/schema/MARC21slim.xsd"><leader>06656 am 222008533i 4500</leader><controlfield tag="001">991011969419105502</controlfield><controlfield tag="005">20240424230503.0</controlfield><controlfield tag="006">m     o  d        </controlfield><controlfield tag="007">c|#bu#---uuauu</controlfield><controlfield tag="008">160829s2012    fr a    o     000 | fre d</controlfield><datafield ind1=" " ind2=" " tag="020"><subfield code="a">2-7598-0886-6</subfield></datafield><datafield ind1=" " ind2=" " tag="020"><subfield code="a">2-7598-0867-X</subfield></datafield><datafield ind1="7" ind2=" " tag="024"><subfield code="a">10.1051/978-2-7598-0886-1</subfield><subfield code="2">doi</subfield></datafield><datafield ind1=" " ind2=" " tag="035"><subfield code="a">(CKB)2550000000060080</subfield></datafield><datafield ind1=" " ind2=" " tag="035"><subfield code="a">(SSID)ssj0000832072</subfield></datafield><datafield ind1=" " ind2=" " tag="035"><subfield code="a">(PQKBManifestationID)12410303</subfield></datafield><datafield ind1=" " ind2=" " tag="035"><subfield code="a">(PQKBTitleCode)TC0000832072</subfield></datafield><datafield ind1=" " ind2=" " tag="035"><subfield code="a">(PQKBWorkID)10882219</subfield></datafield><datafield ind1=" " ind2=" " tag="035"><subfield code="a">(PQKB)11247399</subfield></datafield><datafield ind1=" " ind2=" " tag="035"><subfield code="a">(SSID)ssj0000712213</subfield></datafield><datafield ind1=" " ind2=" " tag="035"><subfield code="a">(PQKBManifestationID)12272979</subfield></datafield><datafield ind1=" " ind2=" " tag="035"><subfield code="a">(PQKBTitleCode)TC0000712213</subfield></datafield><datafield ind1=" " ind2=" " tag="035"><subfield code="a">(PQKBWorkID)10721887</subfield></datafield><datafield ind1=" " ind2=" " tag="035"><subfield code="a">(PQKB)11433361</subfield></datafield><datafield ind1=" " ind2=" " tag="035"><subfield code="a">(oapen)https://directory.doabooks.org/handle/20.500.12854/78993</subfield></datafield><datafield ind1=" " ind2=" " tag="035"><subfield code="a">(DE-B1597)573451</subfield></datafield><datafield ind1=" " ind2=" " tag="035"><subfield code="a">(OCoLC)1253313306</subfield></datafield><datafield ind1=" " ind2=" " tag="035"><subfield code="a">(DE-B1597)9782759808861</subfield></datafield><datafield ind1=" " ind2=" " tag="035"><subfield code="a">(FR-PaCSA)88918869</subfield></datafield><datafield ind1=" " ind2=" " tag="035"><subfield code="a">(EXLCZ)992550000000060080</subfield></datafield><datafield ind1=" " ind2=" " tag="040"><subfield code="a">PQKB</subfield><subfield code="b">eng</subfield><subfield code="e">rda</subfield><subfield code="d">UkMaJRU</subfield><subfield code="d">NZ-WeVUL</subfield></datafield><datafield ind1=" " ind2=" " tag="041"><subfield code="a">fre</subfield></datafield><datafield ind1=" " ind2=" " tag="044"><subfield code="a">fr</subfield><subfield code="c">FR</subfield></datafield><datafield ind1="1" ind2="4" tag="050"><subfield code="a">TK1365.J3 A23 2012</subfield></datafield><datafield ind1=" " ind2="7" tag="072"><subfield code="a">SCI019000</subfield><subfield code="2">bisacsh</subfield></datafield><datafield ind1="1" ind2="4" tag="082"><subfield code="a">363.8</subfield></datafield><datafield ind1="1" ind2=" " tag="100"><subfield code="a">Leridon, Henri</subfield><subfield code="4">auth</subfield></datafield><datafield ind1="1" ind2="2" tag="245"><subfield code="a">L'accident majeur de Fukushima :</subfield><subfield code="b">considérations sismiques, nucléaires et médicales /</subfield><subfield code="c">sous la direction de Henri Leridon et Ghislain de Marsily.</subfield></datafield><datafield ind1=" " ind2=" " tag="260"><subfield code="b">EDP SCIENCES</subfield><subfield code="c">2011</subfield></datafield><datafield ind1="3" ind2="1" tag="264"><subfield code="a">France :</subfield><subfield code="b">EDP Sciences,</subfield><subfield code="c">2011</subfield></datafield><datafield ind1=" " ind2=" " tag="300"><subfield code="a">1 online resource (vi, 313 pages) :</subfield><subfield code="b">illustrations; digital, PDF file(s).</subfield></datafield><datafield ind1=" " ind2=" " tag="336"><subfield code="a">text</subfield><subfield code="b">txt</subfield><subfield code="2">rdacontent</subfield></datafield><datafield ind1=" " ind2=" " tag="337"><subfield code="a">computer</subfield><subfield code="b">c</subfield><subfield code="2">rdamedia</subfield></datafield><datafield ind1=" " ind2=" " tag="338"><subfield code="a">online resource</subfield><subfield code="b">cr</subfield><subfield code="2">rdacarrier</subfield></datafield><datafield ind1=" " ind2=" " tag="347"><subfield code="a">text file</subfield><subfield code="2">rda</subfield></datafield><datafield ind1="0" ind2=" " tag="490"><subfield code="a">Rapport sur la science et la technologie  Dâemographie, climat et alimentation mondiale</subfield></datafield><datafield ind1=" " ind2=" " tag="500"><subfield code="a">Bibliographic Level Mode of Issuance: Monograph</subfield></datafield><datafield ind1=" " ind2=" " tag="546"><subfield code="a">French</subfield></datafield><datafield ind1=" " ind2=" " tag="520"><subfield code="a">L'humanité trouvera-t-elle de quoi nourrir 9 milliards d'hommes en 2050, dans un contexte climatique probablement plus difficile ? L'inquiétude n'est pas nouvelle, mais la croissance démographique s'est emballée dans la seconde moitié du XXe siècle, et la crainte d'une crise alimentaire mondiale est réapparue. Certes, les progrès des technologies agricoles ont permis, au plan global, de maintenir le niveau nutritionnel moyen pendant les années de la &quot;Révolution verte&quot;, mais la situation restait loin d'être satisfaisante, puisque environ 850 millions de personnes étaient sousalimentées au début du XXIe siècle. Or de nouvelles inquiétudes se font jour : les surfaces cultivables ne sont plus guère extensibles, la productivité des sols atteint des niveaux qui risquent de les endommager de façon irréversible, les prix de l'énergie et des intrants indispensables à l'agriculture moderne sont à la hausse... Et les perspectives de changements climatiques ne sont pas rassurantes. De nouveaux progrès technologiques permettront-ils de dépasser, une fois encore, les contraintes naturelles et démographiques ? Cet ouvrage rappelle d'abord ces contraintes démographiques, climatiques et environnementales qui pèseront sur la disponibilité de ressources à l'horizon 2050, et traite ensuite des facteurs d'évolution de la demande alimentaire, des moyens techniques et économiques d'y faire face, et enfin des conditions d'un équilibre possible. Une synthèse est proposée en début de volume. Des recommandations y sont faites, destinées aux pouvoirs publics français pour les éclairer sur leur politique nationale et internationale, mais aussi à la société civile, qui est concernée car les problèmes ne sont pas seulement scientifiques ou technologiques : ils mettent aussi en jeu les comportements individuels des producteurs et des consommateurs. Trois domaines où il faut agir sans tarder sont mis en valeur : la nutrition et les habitudes alimentaires, puis la démographie, et enfin l'économie mondiale et le commerce international. Les recommandations portent ensuite sur la production agricole et les questions d'environnement, puis sur la prévention, l'anticipation et la gestion des situations de crise, hélas quasi inévitables.</subfield></datafield><datafield ind1=" " ind2=" " tag="540"><subfield code="a">Creative Commons Attribution-NonCommercial 4.0 International</subfield><subfield code="f">CC BY-NC 4.0</subfield><subfield code="u">https://creativecommons.org/licenses/by-nc/4.0/legalcode</subfield></datafield><datafield ind1=" " ind2=" " tag="588"><subfield code="a">Description based on print version record; resource not viewed.</subfield></datafield><datafield ind1="0" ind2="0" tag="505"><subfield code="t">Académie des sciences - Rapport &quot;Science et Technologie&quot; --</subfield><subfield code="t">COMPOSITION DU COMITÉ RST --</subfield><subfield code="t">RÉSUMÉ --</subfield><subfield code="t">SUMMARY --</subfield><subfield code="t">PRÉFACE --</subfield><subfield code="t">Avant-propos --</subfield><subfield code="t">Composition du groupe de travail --</subfield><subfield code="t">TABLE DES MATIÈRES --</subfield><subfield code="t">Introduction --</subfield><subfield code="t">Synthèse --</subfield><subfield code="t">Recommendations --</subfield><subfield code="g">PREMIÈRE PARTIE.</subfield><subfield code="t">Les contraintes --</subfield><subfield code="g">ch 1.</subfield><subfield code="t">Les évolutions démographiques --</subfield><subfield code="g">ch 2.</subfield><subfield code="t">Les impacts potentiels des changements climatiques et des événements extrêmes sur la production agricole et effets réciproques --</subfield><subfield code="t">ch 3.</subfield><subfield code="t">La demande alimentaire actuelle : facteurs d'évolution --</subfield><subfield code="g">ch 4.</subfield><subfield code="t">Biodiversité, agriculture et environnement --</subfield><subfield code="g">DEUXIÈME PARTIE.</subfield><subfield code="t">Les moyens de la production alimentaire en 2050 --</subfield><subfield code="g">ch 5.</subfield><subfield code="t">Moyens techniques et ressources --</subfield><subfield code="g">ch 6.</subfield><subfield code="t">L'environnement économique --</subfield><subfield code="g">ch 7.</subfield><subfield code="t">Les scénarios d'équilibre entre population, alimentation et climat --</subfield><subfield code="t">Conclusion générale --</subfield><subfield code="g">ANNEXE 1.</subfield><subfield code="t">Présentation des scénarios du ch 7 Les scénarios d'équilibre entre population, alimentation et climat --</subfield><subfield code="g">ANNEXE 2.</subfield><subfield code="t">Données cartographiques --</subfield><subfield code="t">Groupe de lecture critique --</subfield><subfield code="t">Présentation à l'Académie des sciences, par François Gros.</subfield></datafield><datafield ind1=" " ind2="0" tag="650"><subfield code="a">Fukushima Nuclear Disaster, Japan, 2011</subfield><subfield code="x">Accidents</subfield><subfield code="z">Japan</subfield><subfield code="z">Fukushima-ken</subfield></datafield><datafield ind1=" " ind2="0" tag="650"><subfield code="a">Tohoku Earthquake and Tsunami, Japan, 2011</subfield><subfield code="z">Fukushima-ken</subfield><subfield code="z">Japan</subfield></datafield><datafield ind1=" " ind2="0" tag="650"><subfield code="a">Nuclear power plants</subfield></datafield><datafield ind1=" " ind2="0" tag="650"><subfield code="a">Nuclear accidents</subfield></datafield><datafield ind1=" " ind2="7" tag="650"><subfield code="a">Electrical &amp; Computer Engineering</subfield><subfield code="2">HILCC</subfield></datafield><datafield ind1=" " ind2="7" tag="650"><subfield code="a">Engineering &amp; Applied Sciences</subfield><subfield code="2">HILCC</subfield></datafield><datafield ind1=" " ind2="7" tag="650"><subfield code="a">Electrical Engineering</subfield><subfield code="2">HILCC</subfield></datafield><datafield ind1=" " ind2="0" tag="650"><subfield code="a">Crops and climate</subfield><subfield code="x">Economic aspects</subfield></datafield><datafield ind1=" " ind2="0" tag="650"><subfield code="a">Population</subfield></datafield><datafield ind1=" " ind2="0" tag="650"><subfield code="a">Food supply</subfield></datafield><datafield ind1=" " ind2="7" tag="650"><subfield code="a">Agriculture</subfield><subfield code="2">HILCC</subfield></datafield><datafield ind1=" " ind2="7" tag="650"><subfield code="a">Earth &amp; Environmental Sciences</subfield><subfield code="2">HILCC</subfield></datafield><datafield ind1=" " ind2="7" tag="650"><subfield code="a">Agriculture - General</subfield><subfield code="2">HILCC</subfield></datafield><datafield ind1=" " ind2=" " tag="653"><subfield code="a">academy of sciences</subfield></datafield><datafield ind1=" " ind2=" " tag="653"><subfield code="a">demography</subfield></datafield><datafield ind1=" " ind2=" " tag="653"><subfield code="a">climate</subfield></datafield><datafield ind1="2" ind2=" " tag="710"><subfield code="a">Académie des sciences (France) Groupe de travail Solidarité Japon.</subfield><subfield code="e">corporate author.</subfield></datafield><datafield ind1="1" ind2=" " tag="700"><subfield code="a">Amatore, Christian</subfield><subfield code="e">editor.</subfield></datafield><datafield ind1="1" ind2=" " tag="700"><subfield code="a">Bach. Jean-François.</subfield><subfield code="e">editor.</subfield></datafield><datafield ind1="1" ind2=" " tag="700"><subfield code="a">Baccelli, F.</subfield><subfield code="q">(François),</subfield><subfield code="d">1954-</subfield><subfield code="e">editor.</subfield></datafield><datafield ind1="1" ind2=" " tag="700"><subfield code="a">Balian, Roger</subfield><subfield code="e">editor.</subfield></datafield><datafield ind1=" " ind2=" " tag="776"><subfield code="z">2-7598-0581-6</subfield></datafield><datafield ind1=" " ind2=" " tag="906"><subfield code="a">BOOK</subfield></datafield></record>
</metadata></record>