<record><header><identifier>oai:alma.41SLSP_UGE:991011969421205502</identifier><datestamp>2023-07-29T00:17:20Z</datestamp><setSpec>UNIGE_ALL</setSpec></header><metadata>
<record xmlns="http://www.loc.gov/MARC21/slim" xmlns:xsi="http://www.w3.org/2001/XMLSchema-instance" xsi:schemaLocation="http://www.loc.gov/MARC21/slim http://www.loc.gov/standards/marcxml/schema/MARC21slim.xsd"><leader>-----nam-a22-----z--4500</leader><controlfield tag="001">991011969421205502</controlfield><controlfield tag="005">20230719134804.0</controlfield><controlfield tag="008">230221u2023uuuuuuuuu-|-o----u|----|eng-d</controlfield><datafield ind1=" " ind2=" " tag="020"><subfield code="a">2-406-13768-6</subfield></datafield><datafield ind1=" " ind2=" " tag="035"><subfield code="a">(CKB)5840000000235046</subfield></datafield><datafield ind1=" " ind2=" " tag="035"><subfield code="a">(PPN)267799004</subfield></datafield><datafield ind1=" " ind2=" " tag="035"><subfield code="a">(EXLCZ)995840000000235046</subfield></datafield><datafield ind1="0" ind2="0" tag="050"><subfield code="a">HD1945</subfield><subfield code="b">.P68 2023</subfield></datafield><datafield ind1="1" ind2=" " tag="100"><subfield code="a">Pouch, Thierry,</subfield><subfield code="e">author.</subfield></datafield><datafield ind1="1" ind2="0" tag="245"><subfield code="a">Essai sur l'histoire des rapports entre l'agriculture et le capitalisme /</subfield><subfield code="c">Thierry Pouch ; préface d'Hubert Cochet ; postface de Jean-Christophe Kroll.</subfield></datafield><datafield ind1=" " ind2=" " tag="260"><subfield code="b">Classiques Garnier</subfield></datafield><datafield ind1=" " ind2="0" tag="650"><subfield code="a">Agriculture</subfield><subfield code="x">Economic aspects</subfield><subfield code="z">France.</subfield></datafield><datafield ind1=" " ind2="0" tag="650"><subfield code="a">Agriculture and state</subfield><subfield code="z">France</subfield><subfield code="x">History</subfield><subfield code="y">20th century.</subfield></datafield><datafield ind1=" " ind2="0" tag="650"><subfield code="a">Capitalism.</subfield></datafield><datafield ind1="1" ind2="0" tag="600"><subfield code="a">Marx, Karl,</subfield><subfield code="d">1818-1883.</subfield></datafield><datafield ind1=" " ind2=" " tag="776"><subfield code="z">2-406-13766-X</subfield></datafield><datafield ind1="1" ind2=" " tag="700"><subfield code="a">Cochet, Hubert,</subfield><subfield code="e">writer of preface.</subfield></datafield><datafield ind1="1" ind2=" " tag="700"><subfield code="a">Kroll, Jean-Christophe,</subfield><subfield code="e">writer of postface.</subfield></datafield><datafield ind1=" " ind2=" " tag="906"><subfield code="a">BOOK</subfield></datafield></record>
</metadata></record>