<record><header><identifier>oai:alma.41SLSP_UGE:991000005629705502</identifier><datestamp>2024-09-28T00:13:47Z</datestamp><setSpec>uge_bcen_RapidILL_BOOK</setSpec><setSpec>uge_aaca_RapidILL_BOOK</setSpec><setSpec>uge_abels_RapidILL_BOOK</setSpec><setSpec>uge_dbu_RapidILL_BOOK</setSpec><setSpec>uge_cmu_RapidILL_BOOK</setSpec><setSpec>uge_mail_RapidILL_BOOK</setSpec><setSpec>uge_abbat_RapidILL_BOOK</setSpec><setSpec>UNIGE_ALL</setSpec><setSpec>uge_acar_RapidILL_BOOK</setSpec><setSpec>uge_aobs_RapidILL_BOOK</setSpec></header><metadata>
<record xmlns="http://www.loc.gov/MARC21/slim" xmlns:xsi="http://www.w3.org/2001/XMLSchema-instance" xsi:schemaLocation="http://www.loc.gov/MARC21/slim http://www.loc.gov/standards/marcxml/schema/MARC21slim.xsd"><leader>02172nam a22004692c 4500</leader><controlfield tag="001">991000005629705502</controlfield><controlfield tag="005">20240927192123.0</controlfield><controlfield tag="008">201011s1998    xxu           10| | eng|d</controlfield><datafield ind1=" " ind2=" " tag="010"><subfield code="a">98071547</subfield></datafield><datafield ind1=" " ind2=" " tag="020"><subfield code="a">1886733627</subfield></datafield><datafield ind1=" " ind2=" " tag="035"><subfield code="a">(swissbib)230511821-41slsp_network</subfield></datafield><datafield ind1=" " ind2=" " tag="035"><subfield code="a">230511821</subfield><subfield code="9">ExL</subfield></datafield><datafield ind1=" " ind2=" " tag="035"><subfield code="a">(IDSBB)003428861DSV01</subfield></datafield><datafield ind1=" " ind2=" " tag="035"><subfield code="a">(RERO)R234379160-41slsp</subfield></datafield><datafield ind1=" " ind2=" " tag="035"><subfield code="a">(NEBIS)001941777EBI01</subfield></datafield><datafield ind1=" " ind2=" " tag="035"><subfield code="a">(EXLNZ-41SLSP_NETWORK)991004091049705501</subfield></datafield><datafield ind1=" " ind2=" " tag="040"><subfield code="a">ETH-BIB</subfield><subfield code="e">kids</subfield><subfield code="d">CH-ZuSLS</subfield></datafield><datafield ind1=" " ind2="7" tag="072"><subfield code="a">at</subfield><subfield code="2">SzZuIDS BS/BE</subfield></datafield><datafield ind1=" " ind2="7" tag="072"><subfield code="a">as</subfield><subfield code="2">rero</subfield></datafield><datafield ind1="1" ind2="4" tag="082"><subfield code="a">520</subfield><subfield code="2">15</subfield></datafield><datafield ind1="0" ind2="0" tag="245"><subfield code="a">&lt;&lt;The&gt;&gt; stellar initial mass function</subfield><subfield code="b">proceedings of the meeting held at Institute of Astronomy and Royal Greenwich Observatory, Cambridge, UK, 14-18 July 1998</subfield><subfield code="c">ed. by Gerry Gilmore and Debbie Howell ; 38th Herstmonceux Conference</subfield></datafield><datafield ind1=" " ind2="1" tag="264"><subfield code="a">San Francisco, Calif.</subfield><subfield code="b">Astronomical Society of the Pacific</subfield><subfield code="c">1998</subfield></datafield><datafield ind1=" " ind2=" " tag="300"><subfield code="a">XXI, 239 p.</subfield><subfield code="b">ill.</subfield><subfield code="c">24 cm</subfield></datafield><datafield ind1=" " ind2=" " tag="336"><subfield code="b">txt</subfield><subfield code="2">rdacontent</subfield></datafield><datafield ind1=" " ind2=" " tag="337"><subfield code="b">n</subfield><subfield code="2">rdamedia</subfield></datafield><datafield ind1=" " ind2=" " tag="338"><subfield code="b">nc</subfield><subfield code="2">rdacarrier</subfield></datafield><datafield ind1="1" ind2=" " tag="490"><subfield code="a">Astronomical Society of the Pacific Conference Series</subfield><subfield code="v">Vol. 142</subfield></datafield><datafield ind1=" " ind2="7" tag="650"><subfield code="a">formation stellaire</subfield><subfield code="0">(RERO)A009952568</subfield><subfield code="2">rerovoc</subfield></datafield><datafield ind1=" " ind2="7" tag="650"><subfield code="a">MODELLRECHNUNG IN DER ASTRONOMIE</subfield><subfield code="9">ger</subfield><subfield code="0">(ETHUDK)000043365</subfield><subfield code="2">ethudk</subfield></datafield><datafield ind1=" " ind2="7" tag="650"><subfield code="a">STERNENTSTEHUNG (ASTRONOMIE)</subfield><subfield code="9">ger</subfield><subfield code="0">(ETHUDK)000014052</subfield><subfield code="2">ethudk</subfield></datafield><datafield ind1=" " ind2="7" tag="650"><subfield code="a">STERNENTWICKLUNG (ASTRONOMIE)</subfield><subfield code="9">ger</subfield><subfield code="0">(ETHUDK)000037031</subfield><subfield code="2">ethudk</subfield></datafield><datafield ind1=" " ind2="7" tag="655"><subfield code="a">Konferenzschrift</subfield><subfield code="z">Cambridge</subfield><subfield code="y">1997</subfield><subfield code="2">gnd-content</subfield></datafield><datafield ind1=" " ind2="7" tag="655"><subfield code="a">Actes de congrès</subfield><subfield code="0">(IDREF)02886431X</subfield><subfield code="2">idref</subfield></datafield><datafield ind1=" " ind2="7" tag="655"><subfield code="a">Konferenzschrift</subfield><subfield code="z">Cambridge (Great Britain)</subfield><subfield code="y">1997/07</subfield><subfield code="2">gnd-content</subfield></datafield><datafield ind1="1" ind2=" " tag="700"><subfield code="a">Howell, Debbie</subfield></datafield><datafield ind1="1" ind2=" " tag="700"><subfield code="6">880-03</subfield><subfield code="a">Gilmore, Gerry</subfield><subfield code="d">1951-</subfield><subfield code="0">(DE-588)172098009</subfield></datafield><datafield ind1="1" ind2=" " tag="880"><subfield code="6">700-03</subfield><subfield code="a">Gilmore, Gerry</subfield><subfield code="0">(RERO)A003297328</subfield></datafield><datafield ind1="2" ind2=" " tag="710"><subfield code="a">University of Cambridge</subfield><subfield code="b">Institute of Astronomy</subfield><subfield code="0">(DE-588)807389-2</subfield></datafield><datafield ind1="2" ind2=" " tag="710"><subfield code="a">Royal Greenwich Observatory</subfield><subfield code="0">(DE-588)1020365-5</subfield></datafield><datafield ind1="2" ind2=" " tag="711"><subfield code="6">880-07</subfield><subfield code="a">Herstmonceux Conference</subfield><subfield code="n">38</subfield><subfield code="d">1998</subfield><subfield code="c">Cambridge, England</subfield><subfield code="0">(RERO)A012403757</subfield></datafield><datafield ind1="2" ind2=" " tag="880"><subfield code="a">Herstmonceux Conference</subfield><subfield code="n">38.</subfield><subfield code="d">1998</subfield><subfield code="c">Cambridge</subfield><subfield code="6">711-07/(B</subfield><subfield code="0">(DE-588)5304066-1</subfield></datafield><datafield ind1=" " ind2=" " tag="830"><subfield code="a">Astronomical Society of the Pacific conference series</subfield><subfield code="v">142</subfield><subfield code="w">(IDSBB)000670179DSV01</subfield></datafield><datafield ind1=" " ind2=" " tag="900"><subfield code="a">REROnoselfmerge</subfield></datafield><datafield ind1=" " ind2=" " tag="961"><subfield code="2">ge-obs</subfield><subfield code="a">23.1</subfield><subfield code="9">LOCAL</subfield></datafield><datafield ind1=" " ind2=" " tag="961"><subfield code="2">ge-obs</subfield><subfield code="a">23.3</subfield><subfield code="9">LOCAL</subfield></datafield><datafield ind1=" " ind2=" " tag="961"><subfield code="2">ge-obs</subfield><subfield code="a">21.81</subfield><subfield code="9">LOCAL</subfield></datafield></record>
</metadata></record>