<record><header><identifier>oai:alma.41SLSP_UGE:991011969423305502</identifier><datestamp>2024-04-19T00:12:17Z</datestamp><setSpec>UNIGE_ALL</setSpec></header><metadata>
<record xmlns="http://www.loc.gov/MARC21/slim" xmlns:xsi="http://www.w3.org/2001/XMLSchema-instance" xsi:schemaLocation="http://www.loc.gov/MARC21/slim http://www.loc.gov/standards/marcxml/schema/MARC21slim.xsd"><leader>00269cas-a2200109z--4500</leader><controlfield tag="001">991011969423305502</controlfield><controlfield tag="005">20240416181819.0</controlfield><controlfield tag="008">240117uuuuuuuuuuuuuu-n-o----u|----|eng-d</controlfield><datafield ind1=" " ind2=" " tag="035"><subfield code="a">(CKB)5170000000034286</subfield></datafield><datafield ind1=" " ind2=" " tag="035"><subfield code="a">(EXLCZ)995170000000034286</subfield></datafield><datafield ind1="0" ind2="4" tag="245"><subfield code="a">The Boston Globe</subfield></datafield><datafield ind1=" " ind2=" " tag="260"><subfield code="b">The Boston Globe</subfield></datafield><datafield ind1=" " ind2=" " tag="906"><subfield code="a">NEWSPAPER</subfield></datafield></record>
</metadata></record>