<record><header><identifier>oai:alma.41SLSP_UGE:991011969420805502</identifier><datestamp>2024-05-26T00:10:11Z</datestamp><setSpec>UNIGE_ALL</setSpec></header><metadata>
<record xmlns="http://www.loc.gov/MARC21/slim" xmlns:xsi="http://www.w3.org/2001/XMLSchema-instance" xsi:schemaLocation="http://www.loc.gov/MARC21/slim http://www.loc.gov/standards/marcxml/schema/MARC21slim.xsd"><leader>-----nas--2200445-i-4500</leader><controlfield tag="001">991011969420805502</controlfield><controlfield tag="005">20240517213015.0</controlfield><controlfield tag="006">m-----o--d--------</controlfield><controlfield tag="007">cr-|||||||||||</controlfield><controlfield tag="008">220630c20239999enkar-poo-----0---a0eng--</controlfield><datafield ind1=" " ind2=" " tag="010"><subfield code="a">  2023228233</subfield></datafield><datafield ind1="7" ind2=" " tag="016"><subfield code="a">020662623</subfield><subfield code="2">Uk</subfield></datafield><datafield ind1="7" ind2=" " tag="016"><subfield code="a">9918540788406676</subfield><subfield code="2">DNLM</subfield></datafield><datafield ind1=" " ind2=" " tag="035"><subfield code="a">(DE-599)ZDB3162458-3</subfield></datafield><datafield ind1=" " ind2=" " tag="035"><subfield code="a">(OCoLC)1363815163</subfield></datafield><datafield ind1=" " ind2=" " tag="035"><subfield code="a">(CKB)5850000000312177</subfield></datafield><datafield ind1=" " ind2=" " tag="035"><subfield code="a">(CONSER)--2023228233</subfield></datafield><datafield ind1=" " ind2=" " tag="035"><subfield code="a">(EXLCZ)995850000000312177</subfield></datafield><datafield ind1=" " ind2=" " tag="042"><subfield code="a">pcc</subfield></datafield><datafield ind1="0" ind2="4" tag="050"><subfield code="a">M930.A1</subfield></datafield><datafield ind1="0" ind2="0" tag="060"><subfield code="a">W1</subfield></datafield><datafield ind1="1" ind2="0" tag="210"><subfield code="a">Adv Rehabil Sci Pract</subfield><subfield code="2">dnlm</subfield></datafield><datafield ind1=" " ind2="0" tag="222"><subfield code="a">Advances in rehabilitation science and practice</subfield></datafield><datafield ind1="0" ind2="0" tag="245"><subfield code="a">Advances in rehabilitation science and practice.</subfield></datafield><datafield ind1=" " ind2="1" tag="264"><subfield code="a">[London] :</subfield><subfield code="b">SAGE Publications,</subfield><subfield code="c">[2023]-</subfield></datafield><datafield ind1=" " ind2=" " tag="300"><subfield code="a">1 online resource</subfield></datafield><datafield ind1=" " ind2=" " tag="310"><subfield code="a">Annual</subfield></datafield><datafield ind1=" " ind2=" " tag="336"><subfield code="a">text</subfield><subfield code="b">txt</subfield><subfield code="2">rdacontent</subfield></datafield><datafield ind1=" " ind2=" " tag="337"><subfield code="a">computer</subfield><subfield code="b">c</subfield><subfield code="2">rdamedia</subfield></datafield><datafield ind1=" " ind2=" " tag="338"><subfield code="a">online resource</subfield><subfield code="b">cr</subfield><subfield code="2">rdacarrier</subfield></datafield><datafield ind1="1" ind2=" " tag="362"><subfield code="a">Began with: Volume 12 (January/December 2023).</subfield></datafield><datafield ind1=" " ind2=" " tag="515"><subfield code="a">Articles added irregularly during the year and collected into annual issues.</subfield></datafield><datafield ind1=" " ind2=" " tag="588"><subfield code="a">Description based on: Volume 12 (January/December 2023); title from resource description page (ScienceDirect, viewed February 10, 2023).</subfield></datafield><datafield ind1=" " ind2=" " tag="588"><subfield code="a">Latest issue consulted: Volume 12 (January/December 2023) (ScienceDirect, viewed February 10, 2023).</subfield></datafield><datafield ind1=" " ind2="0" tag="650"><subfield code="a">Rehabilitation</subfield><subfield code="v">Periodicals.</subfield></datafield><datafield ind1="1" ind2="2" tag="650"><subfield code="a">Rehabilitation</subfield></datafield><datafield ind1=" " ind2="7" tag="650"><subfield code="a">Rehabilitation.</subfield><subfield code="2">fast</subfield><subfield code="0">(OCoLC)fst01093291</subfield></datafield><datafield ind1=" " ind2="2" tag="655"><subfield code="a">Periodical</subfield></datafield><datafield ind1=" " ind2="7" tag="655"><subfield code="a">Periodicals.</subfield><subfield code="2">fast</subfield><subfield code="0">(OCoLC)fst01411641</subfield></datafield><datafield ind1=" " ind2=" " tag="776"><subfield code="x">2753-6351</subfield></datafield><datafield ind1=" " ind2=" " tag="906"><subfield code="a">JOURNAL</subfield></datafield></record>
</metadata></record>