<record><header><identifier>oai:alma.41SLSP_UGE:991011969422905502</identifier><datestamp>2024-04-30T00:08:25Z</datestamp><setSpec>UNIGE_ALL</setSpec></header><metadata>
<record xmlns="http://www.loc.gov/MARC21/slim" xmlns:xsi="http://www.w3.org/2001/XMLSchema-instance" xsi:schemaLocation="http://www.loc.gov/MARC21/slim http://www.loc.gov/standards/marcxml/schema/MARC21slim.xsd"><leader>02118nam a2200325 i 4500</leader><controlfield tag="001">991011969422905502</controlfield><controlfield tag="005">20240426121218.0</controlfield><controlfield tag="006">m     o  d        </controlfield><controlfield tag="007">cr#|||||||||||</controlfield><controlfield tag="008">230906s2022    fr      o     000 0 fre d</controlfield><datafield ind1=" " ind2=" " tag="020"><subfield code="a">2-7154-1219-3</subfield></datafield><datafield ind1=" " ind2=" " tag="035"><subfield code="a">(PPN)275576264</subfield></datafield><datafield ind1=" " ind2=" " tag="035"><subfield code="a">(CKB)5700000000345220</subfield></datafield><datafield ind1=" " ind2=" " tag="035"><subfield code="a">(NjHacI)995700000000345220</subfield></datafield><datafield ind1=" " ind2=" " tag="035"><subfield code="a">(EXLCZ)995700000000345220</subfield></datafield><datafield ind1=" " ind2=" " tag="040"><subfield code="a">NjHacI</subfield><subfield code="b">eng</subfield><subfield code="e">rda</subfield><subfield code="c">NjHacl</subfield></datafield><datafield ind1=" " ind2="4" tag="050"><subfield code="a">JV105</subfield><subfield code="b">.B363 2022</subfield></datafield><datafield ind1="0" ind2="4" tag="082"><subfield code="a">325.3</subfield><subfield code="2">23</subfield></datafield><datafield ind1="1" ind2=" " tag="100"><subfield code="a">Bancel, Nicolas,</subfield><subfield code="e">author.</subfield></datafield><datafield ind1="1" ind2="0" tag="245"><subfield code="a">Postcolonialisme /</subfield><subfield code="c">Nicolas Bancel.</subfield></datafield><datafield ind1=" " ind2="1" tag="264"><subfield code="a">Paris :</subfield><subfield code="b">Presses Universitaires de France,</subfield><subfield code="c">2022.</subfield></datafield><datafield ind1=" " ind2=" " tag="300"><subfield code="a">1 online resource (125 pages).</subfield></datafield><datafield ind1=" " ind2=" " tag="336"><subfield code="a">text</subfield><subfield code="b">txt</subfield><subfield code="2">rdacontent</subfield></datafield><datafield ind1=" " ind2=" " tag="337"><subfield code="a">computer</subfield><subfield code="b">c</subfield><subfield code="2">rdamedia</subfield></datafield><datafield ind1=" " ind2=" " tag="338"><subfield code="a">online resource</subfield><subfield code="b">cr</subfield><subfield code="2">rdacarrier</subfield></datafield><datafield ind1="0" ind2=" " tag="490"><subfield code="a">Que sais-je? ;</subfield><subfield code="v">Volume 4152</subfield></datafield><datafield ind1=" " ind2=" " tag="588"><subfield code="a">Description based on publisher supplied metadata and other sources.</subfield></datafield><datafield ind1=" " ind2=" " tag="520"><subfield code="a">&quot;Torture en Algérie, place de l'histoire coloniale dans le récit national, questions relatives aux immigrés venus des anciennes colonies (...) L'histoire coloniale et postcoloniale fait aujourd'hui débat dans la société française. C'est précisément l'objet des postcolonial studies que de relire cette histoire en cherchant à saisir comment la colonisation a profondément affecté les sociétés colonisées, les anciennes métropoles et, au-delà, l'ensemble de l'Occident. Comment le racisme colonial s'enracine-t-il ? Quelles en sont les conséquences aujourd'hui ? Les rapports géopolitiques et économiques, inégaux durant la colonisation, se reproduisent-ils ? Nicolas Bancel se propose d'explorer, parmi d'autres, ces questions. S'appuyant sur des exemples concrets, il éclaire les idées développées par les postcolonial studies, explorant leur apport, mais aussi leurs limites.&quot;--Quatrième de couverture.</subfield></datafield><datafield ind1=" " ind2="0" tag="650"><subfield code="a">Colonization</subfield><subfield code="x">History.</subfield></datafield><datafield ind1=" " ind2=" " tag="776"><subfield code="z">2-7154-1218-5</subfield></datafield><datafield ind1=" " ind2=" " tag="906"><subfield code="a">BOOK</subfield></datafield></record>
</metadata></record>