<record><header><identifier>oai:alma.41SLSP_UGE:991011969421005502</identifier><datestamp>2023-03-01T01:09:06Z</datestamp><setSpec>UNIGE_ALL</setSpec></header><metadata>
<record xmlns="http://www.loc.gov/MARC21/slim" xmlns:xsi="http://www.w3.org/2001/XMLSchema-instance" xsi:schemaLocation="http://www.loc.gov/MARC21/slim http://www.loc.gov/standards/marcxml/schema/MARC21slim.xsd"><leader>-----nas--2200481-i-4500</leader><controlfield tag="001">991011969421005502</controlfield><controlfield tag="005">20220507213020.0</controlfield><controlfield tag="006">m-----o--d--------</controlfield><controlfield tag="007">cr-|||||||||||</controlfield><controlfield tag="008">210316c20229999caumr-p-o-----0---a0eng--</controlfield><datafield ind1=" " ind2=" " tag="010"><subfield code="a">  2021201871</subfield></datafield><datafield ind1=" " ind2=" " tag="022"><subfield code="a">2767-3170</subfield></datafield><datafield ind1=" " ind2=" " tag="035"><subfield code="a">(OCoLC)1241982432</subfield></datafield><datafield ind1=" " ind2=" " tag="035"><subfield code="a">(CKB)4910000000547525</subfield></datafield><datafield ind1=" " ind2=" " tag="035"><subfield code="a">(CONSER)--2021201871</subfield></datafield><datafield ind1=" " ind2=" " tag="035"><subfield code="a">(DE-599)ZDB3106944-7</subfield></datafield><datafield ind1=" " ind2=" " tag="035"><subfield code="a">(EXLCZ)994910000000547525</subfield></datafield><datafield ind1=" " ind2=" " tag="042"><subfield code="a">pcc</subfield><subfield code="a">nsdp</subfield></datafield><datafield ind1="0" ind2="0" tag="050"><subfield code="a">R858.A1</subfield></datafield><datafield ind1="1" ind2="0" tag="082"><subfield code="a">362</subfield><subfield code="2">23/eng/20220120</subfield></datafield><datafield ind1="0" ind2=" " tag="210"><subfield code="a">PLOS digit. health</subfield></datafield><datafield ind1=" " ind2="0" tag="222"><subfield code="a">PLOS digital health</subfield></datafield><datafield ind1="0" ind2="0" tag="245"><subfield code="a">PLOS digital health.</subfield></datafield><datafield ind1="1" ind2=" " tag="246"><subfield code="a">Public LIbrary of Science digital health</subfield></datafield><datafield ind1=" " ind2="1" tag="264"><subfield code="a">San Francisco, California :</subfield><subfield code="b">PLOS,</subfield><subfield code="c">2022-</subfield></datafield><datafield ind1=" " ind2=" " tag="310"><subfield code="a">Monthly</subfield></datafield><datafield ind1=" " ind2=" " tag="336"><subfield code="a">text</subfield><subfield code="b">txt</subfield><subfield code="2">rdacontent</subfield></datafield><datafield ind1=" " ind2=" " tag="337"><subfield code="a">computer</subfield><subfield code="b">c</subfield><subfield code="2">rdamedia</subfield></datafield><datafield ind1=" " ind2=" " tag="338"><subfield code="a">online resource</subfield><subfield code="b">cr</subfield><subfield code="2">rdacarrier</subfield></datafield><datafield ind1="1" ind2=" " tag="362"><subfield code="a">Began with: 1 (1) (Jan. 2022)</subfield></datafield><datafield ind1=" " ind2=" " tag="515"><subfield code="a">Articles published as accepted and collected into volumes at a later date.</subfield></datafield><datafield ind1=" " ind2=" " tag="520"><subfield code="a">&quot;Original academic and clinical research that uses open science practices, digital tools, technologies, and data science to significantly advance human health and health care. This community driven journal reflects the full breadth of the digital health research environment, including social and ethical issues, with a strong focus on public health and big data management; including but not limited to, e-health, medical imaging and diagnostics, fairness and health disparities as outcomes from digital health research, patient accessibility and behavior, and precision medicine.&quot;</subfield></datafield><datafield ind1="0" ind2=" " tag="588"><subfield code="a">1 (1) (Jan. 2022); title from caption (journal.plos.org viewed Jan. 19, 2022).</subfield></datafield><datafield ind1="1" ind2=" " tag="588"><subfield code="a">1 (1) (Jan. 2022) (https://doi.org/10.1371/journal.pdig.0000010) (journal.plos.org viewed Jan. 19, 2022).</subfield></datafield><datafield ind1=" " ind2="0" tag="650"><subfield code="a">Medical informatics</subfield><subfield code="v">Periodicals.</subfield></datafield><datafield ind1=" " ind2="0" tag="650"><subfield code="a">Public health</subfield><subfield code="x">Data processing</subfield><subfield code="v">Periodicals.</subfield></datafield><datafield ind1=" " ind2="0" tag="650"><subfield code="a">Medical care</subfield><subfield code="x">Data processing</subfield><subfield code="v">Periodicals.</subfield></datafield><datafield ind1=" " ind2="6" tag="650"><subfield code="a">Médecine</subfield><subfield code="x">Informatique</subfield><subfield code="v">Périodiques.</subfield></datafield><datafield ind1=" " ind2="6" tag="650"><subfield code="a">Santé publique</subfield><subfield code="x">Informatique</subfield><subfield code="v">Périodiques.</subfield></datafield><datafield ind1=" " ind2="7" tag="650"><subfield code="a">Medical care</subfield><subfield code="x">Data processing.</subfield><subfield code="2">fast</subfield><subfield code="0">(OCoLC)fst01013786</subfield></datafield><datafield ind1=" " ind2="7" tag="650"><subfield code="a">Medical informatics.</subfield><subfield code="2">fast</subfield><subfield code="0">(OCoLC)fst01014175</subfield></datafield><datafield ind1=" " ind2="7" tag="650"><subfield code="a">Public health</subfield><subfield code="x">Data processing.</subfield><subfield code="2">fast</subfield><subfield code="0">(OCoLC)fst01082254</subfield></datafield><datafield ind1=" " ind2="7" tag="655"><subfield code="a">Periodicals.</subfield><subfield code="2">fast</subfield><subfield code="0">(OCoLC)fst01411641</subfield></datafield><datafield ind1="2" ind2=" " tag="710"><subfield code="a">Public Library of Science.</subfield></datafield><datafield ind1=" " ind2=" " tag="906"><subfield code="a">JOURNAL</subfield></datafield></record>
</metadata></record>