<record><header><identifier>oai:alma.41SLSP_UGE:991000005729705502</identifier><datestamp>2023-03-03T01:08:39Z</datestamp><setSpec>uge_bcen_RapidILL_BOOK</setSpec><setSpec>uge_aaca_RapidILL_BOOK</setSpec><setSpec>uge_abels_RapidILL_BOOK</setSpec><setSpec>uge_dbu_RapidILL_BOOK</setSpec><setSpec>uge_cmu_RapidILL_BOOK</setSpec><setSpec>uge_mail_RapidILL_BOOK</setSpec><setSpec>uge_abbat_RapidILL_BOOK</setSpec><setSpec>UNIGE_ALL</setSpec><setSpec>uge_acar_RapidILL_BOOK</setSpec><setSpec>uge_aobs_RapidILL_BOOK</setSpec></header><metadata>
<record xmlns="http://www.loc.gov/MARC21/slim" xmlns:xsi="http://www.w3.org/2001/XMLSchema-instance" xsi:schemaLocation="http://www.loc.gov/MARC21/slim http://www.loc.gov/standards/marcxml/schema/MARC21slim.xsd"><leader>03087nam a2200817 c 4500</leader><controlfield tag="001">991000005729705502</controlfield><controlfield tag="005">20230302175732.0</controlfield><controlfield tag="008">201012s2005    sz ||||| |||| 00| ||fre d</controlfield><datafield ind1=" " ind2=" " tag="020"><subfield code="a">2830911512</subfield></datafield><datafield ind1=" " ind2=" " tag="035"><subfield code="a">(swissbib)243081898-41slsp_network</subfield></datafield><datafield ind1=" " ind2=" " tag="035"><subfield code="a">243081898</subfield><subfield code="9">ExL</subfield></datafield><datafield ind1=" " ind2=" " tag="035"><subfield code="a">(RERO)R003774829-41slsp</subfield></datafield><datafield ind1=" " ind2=" " tag="035"><subfield code="a">(IDSLU)000415981ILU01</subfield></datafield><datafield ind1=" " ind2=" " tag="035"><subfield code="a">(NEBIS)004958320EBI01</subfield></datafield><datafield ind1=" " ind2=" " tag="035"><subfield code="a">(IDSBB)003718545DSV01</subfield></datafield><datafield ind1=" " ind2=" " tag="035"><subfield code="a">(EXLNZ-41SLSP_NETWORK)991091573649705501</subfield></datafield><datafield ind1=" " ind2=" " tag="040"><subfield code="a">RERO gevbpu</subfield><subfield code="d">CH-ZuSLS</subfield></datafield><datafield ind1=" " ind2=" " tag="044"><subfield code="a">sz</subfield><subfield code="c">ch-ge</subfield></datafield><datafield ind1=" " ind2="7" tag="072"><subfield code="a">ph</subfield><subfield code="2">rero</subfield></datafield><datafield ind1=" " ind2="7" tag="072"><subfield code="a">750</subfield><subfield code="2">IDS LU</subfield></datafield><datafield ind1=" " ind2="7" tag="072"><subfield code="a">100</subfield><subfield code="2">IDS LU</subfield></datafield><datafield ind1=" " ind2="7" tag="072"><subfield code="a">ph</subfield><subfield code="2">SzZuIDS BS/BE</subfield></datafield><datafield ind1="0" ind2="4" tag="082"><subfield code="a">179.7</subfield><subfield code="2">22</subfield></datafield><datafield ind1="0" ind2="4" tag="082"><subfield code="a">170</subfield><subfield code="2">1</subfield></datafield><datafield ind1="1" ind2="4" tag="082"><subfield code="a">170</subfield><subfield code="2">1</subfield></datafield><datafield ind1=" " ind2=" " tag="084"><subfield code="a">CC 6600</subfield><subfield code="2">rvk</subfield></datafield><datafield ind1=" " ind2=" " tag="084"><subfield code="a">CC 7200</subfield><subfield code="2">rvk</subfield></datafield><datafield ind1="1" ind2=" " tag="100"><subfield code="a">Baertschi, Bernard</subfield><subfield code="d">1949-</subfield><subfield code="0">(DE-588)12089176X</subfield><subfield code="6">880-01</subfield></datafield><datafield ind1="1" ind2=" " tag="880"><subfield code="6">100-01</subfield><subfield code="a">Baertschi, Bernard</subfield><subfield code="d">1949-....</subfield><subfield code="0">(IDREF)026700514</subfield><subfield code="4">cre</subfield></datafield><datafield ind1="1" ind2="0" tag="245"><subfield code="a">Enquête philosophique sur la dignité</subfield><subfield code="b">anthropologie et éthique des biotechnologies</subfield><subfield code="c">Bernard Baertschi</subfield></datafield><datafield ind1=" " ind2="1" tag="264"><subfield code="a">Genève</subfield><subfield code="b">Labor et Fides</subfield><subfield code="c">2005</subfield></datafield><datafield ind1=" " ind2=" " tag="300"><subfield code="a">309 p.</subfield><subfield code="c">23 cm</subfield></datafield><datafield ind1=" " ind2=" " tag="336"><subfield code="b">txt</subfield><subfield code="2">rdacontent</subfield></datafield><datafield ind1=" " ind2=" " tag="337"><subfield code="b">n</subfield><subfield code="2">rdamedia</subfield></datafield><datafield ind1=" " ind2=" " tag="338"><subfield code="b">nc</subfield><subfield code="2">rdacarrier</subfield></datafield><datafield ind1="1" ind2=" " tag="490"><subfield code="a">Le champ éthique</subfield><subfield code="v">no 43</subfield></datafield><datafield ind1=" " ind2=" " tag="504"><subfield code="a">Bibliogr.: p. 293-[305]. Index</subfield></datafield><datafield ind1="0" ind2=" " tag="505"><subfield code="a">L'éthique et la nature humaine - La biologie et la nature humaine - Le plan ontologique et le plan normatif de l'axiologie - Le statut des êtres naturels et leur dignité - La nature humaine respectée - La nature humaine conservée - Conclusion</subfield></datafield><datafield ind1=" " ind2="0" tag="650"><subfield code="a">Medical ethics</subfield></datafield><datafield ind1=" " ind2="0" tag="650"><subfield code="a">Bioethics</subfield><subfield code="x">Dignity</subfield></datafield><datafield ind1=" " ind2="2" tag="650"><subfield code="a">Ethics</subfield></datafield><datafield ind1=" " ind2="2" tag="650"><subfield code="a">Anthropology</subfield></datafield><datafield ind1=" " ind2="2" tag="650"><subfield code="a">Biotechnology</subfield></datafield><datafield ind1=" " ind2="2" tag="650"><subfield code="a">Bioethics</subfield></datafield><datafield ind1=" " ind2="2" tag="650"><subfield code="a">Biotechnology</subfield><subfield code="x">ethics</subfield></datafield><datafield ind1=" " ind2="7" tag="650"><subfield code="a">Dignité humaine</subfield><subfield code="0">(IDREF)027847594</subfield><subfield code="2">idref</subfield></datafield><datafield ind1=" " ind2="7" tag="650"><subfield code="a">Philosophie</subfield><subfield code="0">(IDREF)027295206</subfield><subfield code="2">idref</subfield></datafield><datafield ind1=" " ind2="7" tag="650"><subfield code="a">Biotechnologie</subfield><subfield code="0">(IDREF)027373304</subfield><subfield code="2">idref</subfield></datafield><datafield ind1=" " ind2="7" tag="650"><subfield code="a">Morale</subfield><subfield code="0">(IDREF)027790029</subfield><subfield code="2">idref</subfield></datafield><datafield ind1=" " ind2="0" tag="650"><subfield code="a">Biotechnology</subfield><subfield code="x">Moral and ethical aspects</subfield></datafield><datafield ind1=" " ind2="7" tag="650"><subfield code="a">Moral</subfield><subfield code="0">(DE-588)4040222-8</subfield><subfield code="2">gnd</subfield></datafield><datafield ind1=" " ind2="7" tag="650"><subfield code="a">Ethik</subfield><subfield code="0">(DE-588)4015602-3</subfield><subfield code="2">gnd</subfield></datafield><datafield ind1=" " ind2="7" tag="650"><subfield code="a">Menschenwürde</subfield><subfield code="0">(DE-588)4038654-5</subfield><subfield code="2">gnd</subfield></datafield><datafield ind1=" " ind2="7" tag="650"><subfield code="a">Anthropologie</subfield><subfield code="0">(DE-588)4002230-4</subfield><subfield code="2">gnd</subfield></datafield><datafield ind1=" " ind2="7" tag="650"><subfield code="a">Biotechnologie</subfield><subfield code="0">(DE-588)4069491-4</subfield><subfield code="2">gnd</subfield></datafield><datafield ind1=" " ind2="7" tag="650"><subfield code="a">Bioethik</subfield><subfield code="0">(DE-588)4006791-9</subfield><subfield code="2">gnd</subfield></datafield><datafield ind1=" " ind2="7" tag="650"><subfield code="a">Menschenwürde</subfield><subfield code="2">idszbz</subfield></datafield><datafield ind1=" " ind2="7" tag="650"><subfield code="a">Philosophische Anthropologie</subfield><subfield code="2">idszbz</subfield></datafield><datafield ind1=" " ind2="7" tag="650"><subfield code="a">Ethik</subfield><subfield code="2">idszbz</subfield></datafield><datafield ind1=" " ind2="7" tag="650"><subfield code="a">Philosophische Anthropologie</subfield><subfield code="0">(DE-588)4045798-9</subfield><subfield code="2">gnd</subfield></datafield><datafield ind1=" " ind2="0" tag="650"><subfield code="a">Bioethics</subfield><subfield code="x">Philosophy</subfield></datafield><datafield ind1=" " ind2="7" tag="650"><subfield code="a">Biotechnologie</subfield><subfield code="2">idszbz</subfield></datafield><datafield ind1=" " ind2="0" tag="650"><subfield code="a">Biotechnology</subfield><subfield code="x">Philosophy</subfield></datafield><datafield ind1=" " ind2="0" tag="650"><subfield code="a">Dignity</subfield></datafield><datafield ind1=" " ind2="7" tag="650"><subfield code="a">Menschenwürde</subfield><subfield code="x">Biotechnologie</subfield><subfield code="2">idsbb</subfield></datafield><datafield ind1=" " ind2="7" tag="650"><subfield code="a">Biotechnologie</subfield><subfield code="x">Menschenwürde</subfield><subfield code="2">idsbb</subfield></datafield><datafield ind1=" " ind2="7" tag="650"><subfield code="a">Bioethik</subfield><subfield code="2">idsbb</subfield></datafield><datafield ind1=" " ind2="0" tag="830"><subfield code="a">&lt;&lt;Le&gt;&gt; champ éthique</subfield><subfield code="v">43</subfield><subfield code="w">(NEBIS)001000895EBI01</subfield></datafield><datafield ind1=" " ind2="0" tag="830"><subfield code="a">&lt;&lt;Le&gt;&gt; champ éthique</subfield><subfield code="v">43</subfield><subfield code="w">(IDSBB)000051650DSV01</subfield></datafield><datafield ind1=" " ind2="0" tag="830"><subfield code="a">&lt;&lt;Le&gt;&gt; champ éthique</subfield><subfield code="v">43</subfield><subfield code="w">(RERO)0311511-41slsp</subfield></datafield><datafield ind1=" " ind2=" " tag="900"><subfield code="a">REROnoselfmerge</subfield></datafield><datafield ind1=" " ind2=" " tag="900"><subfield code="a">IDSZ2zbzmon200508e</subfield><subfield code="c">IDSZ2werm</subfield><subfield code="d">IDSZ2zbzswk200509b</subfield><subfield code="e">IDSZ2baur</subfield></datafield></record>
</metadata></record>