<record><header><identifier>oai:alma.41SLSP_UGE:991011969423105502</identifier><datestamp>2024-04-29T00:12:59Z</datestamp><setSpec>UNIGE_ALL</setSpec></header><metadata>
<record xmlns="http://www.loc.gov/MARC21/slim" xmlns:xsi="http://www.w3.org/2001/XMLSchema-instance" xsi:schemaLocation="http://www.loc.gov/MARC21/slim http://www.loc.gov/standards/marcxml/schema/MARC21slim.xsd"><leader>02041nam a2200325 i 4500</leader><controlfield tag="001">991011969423105502</controlfield><controlfield tag="005">20240425135652.0</controlfield><controlfield tag="006">m     o  d        </controlfield><controlfield tag="007">cr#|||||||||||</controlfield><controlfield tag="008">230906s2022    fr a    o     000 0 fre d</controlfield><datafield ind1=" " ind2=" " tag="020"><subfield code="a">2-7154-1282-7</subfield></datafield><datafield ind1=" " ind2=" " tag="035"><subfield code="a">(PPN)275575195</subfield></datafield><datafield ind1=" " ind2=" " tag="035"><subfield code="a">(CKB)5700000000345218</subfield></datafield><datafield ind1=" " ind2=" " tag="035"><subfield code="a">(NjHacI)995700000000345218</subfield></datafield><datafield ind1=" " ind2=" " tag="035"><subfield code="a">(EXLCZ)995700000000345218</subfield></datafield><datafield ind1=" " ind2=" " tag="040"><subfield code="a">NjHacI</subfield><subfield code="b">eng</subfield><subfield code="e">rda</subfield><subfield code="c">NjHacl</subfield></datafield><datafield ind1=" " ind2="4" tag="050"><subfield code="a">JC319</subfield><subfield code="b">.A763 2022</subfield></datafield><datafield ind1="0" ind2="4" tag="082"><subfield code="a">320.1</subfield><subfield code="2">23</subfield></datafield><datafield ind1="1" ind2=" " tag="100"><subfield code="a">Armandon, Emmanuelle,</subfield><subfield code="e">author.</subfield></datafield><datafield ind1="1" ind2="0" tag="245"><subfield code="a">Géopolitique de l'Ukraine /</subfield><subfield code="c">Emmanuelle Armandon.</subfield></datafield><datafield ind1=" " ind2="1" tag="264"><subfield code="a">Paris :</subfield><subfield code="b">Presses Universitaires de France,</subfield><subfield code="c">2022.</subfield></datafield><datafield ind1=" " ind2=" " tag="300"><subfield code="a">1 online resource (125 pages) :</subfield><subfield code="b">illustrations.</subfield></datafield><datafield ind1=" " ind2=" " tag="336"><subfield code="a">text</subfield><subfield code="b">txt</subfield><subfield code="2">rdacontent</subfield></datafield><datafield ind1=" " ind2=" " tag="337"><subfield code="a">computer</subfield><subfield code="b">c</subfield><subfield code="2">rdamedia</subfield></datafield><datafield ind1=" " ind2=" " tag="338"><subfield code="a">online resource</subfield><subfield code="b">cr</subfield><subfield code="2">rdacarrier</subfield></datafield><datafield ind1="0" ind2=" " tag="490"><subfield code="a">Que sais-je?</subfield></datafield><datafield ind1=" " ind2=" " tag="588"><subfield code="a">Description based on publisher supplied metadata and other sources.</subfield></datafield><datafield ind1=" " ind2=" " tag="520"><subfield code="a">« Depuis février 2022, l'Ukraine est au cœur de l'une des plus graves guerres que l'Europe a connues depuis la fin de la Seconde Guerre mondiale. À l'origine de ces événements ? Son rapport à l'Europe d'un côté, à la Russie de l'autre. Dans cet essai, Emmanuelle Armandon se donne pour objectif d'interroger l'évolution des relations que Kiev entretient avec ses deux principaux partenaires depuis 1991. Décrivant les grandes étapes qui ont marqué la politique étrangère du pays, elle met en lumière la complexité et la pluralité des jugements que les citoyens portent sur les grandes orientations qu'ont impulsées les gouvernements successifs. Preuve que la construction de ce jeune État, né après soixante-dix ans de soviétisme, est loin d'être achevée (...) » --Quatrième de couverture.</subfield></datafield><datafield ind1=" " ind2="0" tag="650"><subfield code="a">Geopolitics</subfield><subfield code="v">Congresses.</subfield></datafield><datafield ind1=" " ind2=" " tag="776"><subfield code="z">2-7154-1281-9</subfield></datafield><datafield ind1=" " ind2=" " tag="906"><subfield code="a">BOOK</subfield></datafield></record>
</metadata></record>