<record><header><identifier>oai:alma.41SLSP_UGE:991011969422705502</identifier><datestamp>2024-04-29T00:13:01Z</datestamp><setSpec>UNIGE_ALL</setSpec></header><metadata>
<record xmlns="http://www.loc.gov/MARC21/slim" xmlns:xsi="http://www.w3.org/2001/XMLSchema-instance" xsi:schemaLocation="http://www.loc.gov/MARC21/slim http://www.loc.gov/standards/marcxml/schema/MARC21slim.xsd"><leader>02070nam a2200325 i 4500</leader><controlfield tag="001">991011969422705502</controlfield><controlfield tag="005">20240425111129.0</controlfield><controlfield tag="006">m     o  d        </controlfield><controlfield tag="007">cr#|||||||||||</controlfield><controlfield tag="008">230906s2022    fr      o     000 0 fre d</controlfield><datafield ind1=" " ind2=" " tag="020"><subfield code="a">2-7154-1201-0</subfield></datafield><datafield ind1=" " ind2=" " tag="035"><subfield code="a">(PPN)275574970</subfield></datafield><datafield ind1=" " ind2=" " tag="035"><subfield code="a">(CKB)5700000000345222</subfield></datafield><datafield ind1=" " ind2=" " tag="035"><subfield code="a">(NjHacI)995700000000345222</subfield></datafield><datafield ind1=" " ind2=" " tag="035"><subfield code="a">(EXLCZ)995700000000345222</subfield></datafield><datafield ind1=" " ind2=" " tag="040"><subfield code="a">NjHacI</subfield><subfield code="b">eng</subfield><subfield code="e">rda</subfield><subfield code="c">NjHacl</subfield></datafield><datafield ind1=" " ind2="4" tag="050"><subfield code="a">HD87</subfield><subfield code="b">.C337 2022</subfield></datafield><datafield ind1="0" ind2="4" tag="082"><subfield code="a">338.9</subfield><subfield code="2">23</subfield></datafield><datafield ind1="1" ind2=" " tag="100"><subfield code="a">Cabrillac, Bruno,</subfield><subfield code="e">author.</subfield></datafield><datafield ind1="1" ind2="0" tag="245"><subfield code="a">Économie de la Chine /</subfield><subfield code="c">Bruno Cabrillac.</subfield></datafield><datafield ind1=" " ind2="1" tag="264"><subfield code="a">Paris :</subfield><subfield code="b">Presses Universitaires de France,</subfield><subfield code="c">2022.</subfield></datafield><datafield ind1=" " ind2=" " tag="300"><subfield code="a">1 online resource (127 pages).</subfield></datafield><datafield ind1=" " ind2=" " tag="336"><subfield code="a">text</subfield><subfield code="b">txt</subfield><subfield code="2">rdacontent</subfield></datafield><datafield ind1=" " ind2=" " tag="337"><subfield code="a">computer</subfield><subfield code="b">c</subfield><subfield code="2">rdamedia</subfield></datafield><datafield ind1=" " ind2=" " tag="338"><subfield code="a">online resource</subfield><subfield code="b">cr</subfield><subfield code="2">rdacarrier</subfield></datafield><datafield ind1="0" ind2=" " tag="490"><subfield code="a">Que sais-je? ;</subfield><subfield code="v">Volume 1102</subfield></datafield><datafield ind1=" " ind2=" " tag="588"><subfield code="a">Description based on publisher supplied metadata and other sources.</subfield></datafield><datafield ind1=" " ind2=" " tag="520"><subfield code="a">«La Chine n'est plus seulement l'empire du milliard, une vieille nation anesthésiée par un siècle de déclin, quarante ans d'anarchie puis trente ans de communisme révolutionnaire, un parent pauvre, porteur d'une vague menace démographique. Après un quart de siècle de croissance à marche forcée, la Chine est devenue un acteur important du commerce international, le premier pays d'accueil des investissements étrangers, le pôle le plus dynamique de l'économie mondiale. On ne lui promet plus un hypothétique réveil mais, avec un peu de présomption, dans un avenir prévisible, le rang de première puissance économique. Bruno Cabrillac dresse le tableau de l'économie de la Chine, entre croissance économique et augmentation des inégalités sociales, réformes libérales et maintien du Parti communiste.»--Quatrième de couverture.</subfield></datafield><datafield ind1=" " ind2="0" tag="650"><subfield code="a">Economic policy</subfield><subfield code="v">Case studies.</subfield></datafield><datafield ind1=" " ind2=" " tag="776"><subfield code="z">2-7154-1200-2</subfield></datafield><datafield ind1=" " ind2=" " tag="906"><subfield code="a">BOOK</subfield></datafield></record>
</metadata></record>