<record><header><identifier>oai:alma.41SLSP_UGE:991000006159705502</identifier><datestamp>2023-03-01T01:09:06Z</datestamp><setSpec>uge_bcen_RapidILL_BOOK</setSpec><setSpec>uge_aaca_RapidILL_BOOK</setSpec><setSpec>uge_abels_RapidILL_BOOK</setSpec><setSpec>uge_dbu_RapidILL_BOOK</setSpec><setSpec>uge_cmu_RapidILL_BOOK</setSpec><setSpec>uge_mail_RapidILL_BOOK</setSpec><setSpec>UNIGE_ALL</setSpec><setSpec>uge_abbat_RapidILL_BOOK</setSpec><setSpec>uge_aobs_RapidILL_BOOK</setSpec><setSpec>uge_acar_RapidILL_BOOK</setSpec></header><metadata>
<record xmlns="http://www.loc.gov/MARC21/slim" xmlns:xsi="http://www.w3.org/2001/XMLSchema-instance" xsi:schemaLocation="http://www.loc.gov/MARC21/slim http://www.loc.gov/standards/marcxml/schema/MARC21slim.xsd"><leader>01299nam a2200313 c 4500</leader><controlfield tag="001">991000006159705502</controlfield><controlfield tag="005">20210206201936.0</controlfield><controlfield tag="008">150917s1992    gr ||||| |||| 00| ||gre d</controlfield><datafield ind1=" " ind2=" " tag="020"><subfield code="a">9789600308136</subfield></datafield><datafield ind1=" " ind2=" " tag="035"><subfield code="a">(swissbib)122076931-41slsp_network</subfield></datafield><datafield ind1=" " ind2=" " tag="035"><subfield code="a">122076931</subfield><subfield code="9">ExL</subfield></datafield><datafield ind1=" " ind2=" " tag="035"><subfield code="a">(RERO)R008256338-41slsp</subfield></datafield><datafield ind1=" " ind2=" " tag="035"><subfield code="a">(EXLNZ-41SLSP_NETWORK)991004958129705501</subfield></datafield><datafield ind1=" " ind2=" " tag="040"><subfield code="a">DLC</subfield><subfield code="d">CH-ZuSLS</subfield></datafield><datafield ind1=" " ind2="0" tag="050"><subfield code="a">AC95.G8</subfield><subfield code="b">P37 1992</subfield></datafield><datafield ind1=" " ind2="7" tag="072"><subfield code="a">gr</subfield><subfield code="2">rero</subfield></datafield><datafield ind1="1" ind2=" " tag="100"><subfield code="6">880-01</subfield><subfield code="a">Papagiōrgēs, Kōstēs</subfield><subfield code="d">1947-....</subfield><subfield code="0">(IDREF)11122103X</subfield><subfield code="4">cre</subfield></datafield><datafield ind1="1" ind2=" " tag="880"><subfield code="6">100-01/(S</subfield><subfield code="a">Παπαγιώργης, Κωστής</subfield></datafield><datafield ind1="1" ind2="0" tag="245"><subfield code="a">&lt;&lt;Hē&gt;&gt; kokkinē alepou</subfield><subfield code="b">misanthrōpias prolegomena ; Hoi xylodarmoi</subfield><subfield code="c">Kōstēs Papagiōrgēs</subfield></datafield><datafield ind1=" " ind2=" " tag="250"><subfield code="a">5ή έκδ.</subfield></datafield><datafield ind1=" " ind2="1" tag="264"><subfield code="a">Athēna</subfield><subfield code="b">Kastaniōtēs</subfield><subfield code="c">1992</subfield></datafield><datafield ind1=" " ind2=" " tag="300"><subfield code="a">293 p.</subfield></datafield><datafield ind1=" " ind2=" " tag="336"><subfield code="b">txt</subfield><subfield code="2">rdacontent</subfield></datafield><datafield ind1=" " ind2=" " tag="337"><subfield code="b">n</subfield><subfield code="2">rdamedia</subfield></datafield><datafield ind1=" " ind2=" " tag="338"><subfield code="b">nc</subfield><subfield code="2">rdacarrier</subfield></datafield><datafield ind1=" " ind2=" " tag="504"><subfield code="a">Includes bibliographical references</subfield></datafield><datafield ind1="1" ind2="2" tag="700"><subfield code="a">Papagiōrgēs, Kōstēs</subfield><subfield code="t">&lt;&lt;Hoi&gt;&gt; Xylodarmoi</subfield></datafield><datafield ind1="1" ind2=" " tag="700"><subfield code="a">Papagiōrgēs, Kōstēs</subfield></datafield><datafield ind1=" " ind2=" " tag="900"><subfield code="a">REROnoselfmerge</subfield></datafield><datafield ind1=" " ind2=" " tag="910"><subfield code="a">LOC</subfield><subfield code="b">20150917</subfield><subfield code="c">Droits réservés</subfield></datafield></record>
</metadata></record>