<record><header><identifier>oai:alma.41SLSP_UGE:991011969420405502</identifier><datestamp>2024-06-10T00:08:41Z</datestamp><setSpec>UNIGE_ALL</setSpec></header><metadata>
<record xmlns="http://www.loc.gov/MARC21/slim" xmlns:xsi="http://www.w3.org/2001/XMLSchema-instance" xsi:schemaLocation="http://www.loc.gov/MARC21/slim http://www.loc.gov/standards/marcxml/schema/MARC21slim.xsd"><leader>01219nam a2200337 i 4500</leader><controlfield tag="001">991011969420405502</controlfield><controlfield tag="005">20230928183559.0</controlfield><controlfield tag="006">m     o  d        </controlfield><controlfield tag="007">cr |||||||||||</controlfield><controlfield tag="008">230928s2022    fr      o     000 0 fre d</controlfield><datafield ind1=" " ind2=" " tag="020"><subfield code="a">2-37687-594-3</subfield></datafield><datafield ind1=" " ind2=" " tag="035"><subfield code="a">(CKB)5590000001027188</subfield></datafield><datafield ind1=" " ind2=" " tag="035"><subfield code="a">(NjHacI)995590000001027188</subfield></datafield><datafield ind1=" " ind2=" " tag="035"><subfield code="a">(PPN)267771614</subfield></datafield><datafield ind1=" " ind2=" " tag="035"><subfield code="a">(FR-PaCSA)88939716</subfield></datafield><datafield ind1=" " ind2=" " tag="035"><subfield code="a">(EXLCZ)995590000001027188</subfield></datafield><datafield ind1=" " ind2=" " tag="040"><subfield code="a">NjHacI</subfield><subfield code="b">eng</subfield><subfield code="e">rda</subfield><subfield code="c">NjHacl</subfield></datafield><datafield ind1=" " ind2="4" tag="050"><subfield code="a">HT115</subfield><subfield code="b">.G464 2022</subfield></datafield><datafield ind1="0" ind2="4" tag="082"><subfield code="a">307.760940902</subfield><subfield code="2">23</subfield></datafield><datafield ind1="1" ind2=" " tag="100"><subfield code="a">Genest, Gabriel Blouin,</subfield><subfield code="e">author.</subfield></datafield><datafield ind1="1" ind2="0" tag="245"><subfield code="a">Dynamique de la souveraineté :</subfield><subfield code="b">Communautés et organisations politiques face à la souveraineté /</subfield><subfield code="c">Gabriel Blouin Genest, Yves Palau, Pierre Vercauteren.</subfield></datafield><datafield ind1=" " ind2=" " tag="246"><subfield code="a">Dynamiques de la souveraineté </subfield></datafield><datafield ind1=" " ind2="1" tag="264"><subfield code="a">Caen :</subfield><subfield code="b">EMS Editions - IN QUARTO SARL,</subfield><subfield code="c">2022.</subfield></datafield><datafield ind1=" " ind2=" " tag="300"><subfield code="a">1 online resource (252 pages).</subfield></datafield><datafield ind1=" " ind2=" " tag="336"><subfield code="a">text</subfield><subfield code="b">txt</subfield><subfield code="2">rdacontent</subfield></datafield><datafield ind1=" " ind2=" " tag="337"><subfield code="a">computer</subfield><subfield code="b">c</subfield><subfield code="2">rdamedia</subfield></datafield><datafield ind1=" " ind2=" " tag="338"><subfield code="a">online resource</subfield><subfield code="b">cr</subfield><subfield code="2">rdacarrier</subfield></datafield><datafield ind1="1" ind2=" " tag="490"><subfield code="a">Questions de société</subfield></datafield><datafield ind1=" " ind2=" " tag="588"><subfield code="a">Description based on publisher supplied metadata and other sources.</subfield></datafield><datafield ind1=" " ind2="0" tag="650"><subfield code="a">Cities and towns, Medieval.</subfield></datafield><datafield ind1="1" ind2=" " tag="700"><subfield code="a">Palau, Yves,</subfield><subfield code="e">author.</subfield></datafield><datafield ind1="1" ind2=" " tag="700"><subfield code="a">Vercauteren, Pierre,</subfield><subfield code="e">author.</subfield></datafield><datafield ind1=" " ind2=" " tag="776"><subfield code="z">2-37687-593-5</subfield></datafield><datafield ind1=" " ind2="0" tag="830"><subfield code="a">Collection Questions de société.</subfield></datafield><datafield ind1=" " ind2=" " tag="906"><subfield code="a">BOOK</subfield></datafield></record>
</metadata></record>