<record><header><identifier>oai:alma.41SLSP_UGE:991000005759705502</identifier><datestamp>2023-03-01T01:09:06Z</datestamp><setSpec>uge_bcen_RapidILL_BOOK</setSpec><setSpec>uge_aaca_RapidILL_BOOK</setSpec><setSpec>uge_abels_RapidILL_BOOK</setSpec><setSpec>uge_dbu_RapidILL_BOOK</setSpec><setSpec>uge_cmu_RapidILL_BOOK</setSpec><setSpec>uge_mail_RapidILL_BOOK</setSpec><setSpec>UNIGE_ALL</setSpec><setSpec>uge_abbat_RapidILL_BOOK</setSpec><setSpec>uge_aobs_RapidILL_BOOK</setSpec><setSpec>uge_acar_RapidILL_BOOK</setSpec></header><metadata>
<record xmlns="http://www.loc.gov/MARC21/slim" xmlns:xsi="http://www.w3.org/2001/XMLSchema-instance" xsi:schemaLocation="http://www.loc.gov/MARC21/slim http://www.loc.gov/standards/marcxml/schema/MARC21slim.xsd"><leader>01865nam a2200457 c 4500</leader><controlfield tag="001">991000005759705502</controlfield><controlfield tag="005">20230116182411.0</controlfield><controlfield tag="008">201012s2007    gw ||||| |||| 10| ||ger d</controlfield><datafield ind1=" " ind2=" " tag="015"><subfield code="a">GFR-DNB-07,A25,1281</subfield></datafield><datafield ind1=" " ind2=" " tag="020"><subfield code="a">9783826034107</subfield><subfield code="c">kart. : EUR 19.80, sfr 35.20</subfield></datafield><datafield ind1=" " ind2=" " tag="020"><subfield code="a">3826034104</subfield><subfield code="c">kart. : EUR 19.80, sfr 35.20</subfield></datafield><datafield ind1=" " ind2=" " tag="035"><subfield code="a">(swissbib)235114790-41slsp_network</subfield></datafield><datafield ind1=" " ind2=" " tag="035"><subfield code="a">235114790</subfield><subfield code="9">ExL</subfield></datafield><datafield ind1=" " ind2=" " tag="035"><subfield code="a">(RERO)R004545774-41slsp</subfield></datafield><datafield ind1=" " ind2=" " tag="035"><subfield code="a">(NEBIS)005401182EBI01</subfield></datafield><datafield ind1=" " ind2=" " tag="035"><subfield code="a">(IDSBB)006115700DSV01</subfield></datafield><datafield ind1=" " ind2=" " tag="035"><subfield code="a">(EXLNZ-41SLSP_NETWORK)991159447329705501</subfield></datafield><datafield ind1=" " ind2=" " tag="040"><subfield code="a">RERO geulal</subfield><subfield code="d">CH-ZuSLS</subfield></datafield><datafield ind1=" " ind2="7" tag="072"><subfield code="a">al</subfield><subfield code="2">rero</subfield></datafield><datafield ind1="0" ind2="4" tag="082"><subfield code="a">831.6</subfield><subfield code="2">22/ger</subfield></datafield><datafield ind1="0" ind2="0" tag="245"><subfield code="a">Würzburger Schiller-Vorträge</subfield><subfield code="c">hrsg. von Jörg Robert</subfield></datafield><datafield ind1=" " ind2="1" tag="264"><subfield code="a">Würzburg</subfield><subfield code="b">Königshausen &amp; Neumann</subfield><subfield code="c">2007</subfield></datafield><datafield ind1=" " ind2=" " tag="300"><subfield code="a">144 p.</subfield><subfield code="b">ill.</subfield></datafield><datafield ind1=" " ind2=" " tag="336"><subfield code="b">txt</subfield><subfield code="2">rdacontent</subfield></datafield><datafield ind1=" " ind2=" " tag="337"><subfield code="b">n</subfield><subfield code="2">rdamedia</subfield></datafield><datafield ind1=" " ind2=" " tag="338"><subfield code="b">nc</subfield><subfield code="2">rdacarrier</subfield></datafield><datafield ind1="1" ind2=" " tag="490"><subfield code="a">Würzburger Ringvorlesung</subfield><subfield code="v">Bd. 5</subfield></datafield><datafield ind1=" " ind2=" " tag="500"><subfield code="a">Enthält Vorträge einer Ringvorlesung an der Universität Würzburg im Sommersemester 2005</subfield></datafield><datafield ind1="1" ind2="7" tag="600"><subfield code="a">Schiller, Friedrich von</subfield><subfield code="d">1759-1805</subfield><subfield code="0">(IDREF)026670488</subfield><subfield code="2">idref</subfield></datafield><datafield ind1="1" ind2="0" tag="600"><subfield code="a">Schiller, Friedrich</subfield><subfield code="d">1759-1805</subfield><subfield code="x">Criticism and interpretation</subfield><subfield code="v">Congresses</subfield></datafield><datafield ind1="1" ind2="7" tag="600"><subfield code="a">Schiller, Friedrich</subfield><subfield code="d">1759-1805</subfield><subfield code="0">(DE-588)118607626</subfield><subfield code="2">gnd</subfield></datafield><datafield ind1="1" ind2="7" tag="600"><subfield code="a">Schiller, Friedrich von</subfield><subfield code="2">idszbz</subfield></datafield><datafield ind1=" " ind2="7" tag="650"><subfield code="a">Werk</subfield><subfield code="2">idszbz</subfield></datafield><datafield ind1=" " ind2="7" tag="655"><subfield code="a">Actes de congrès</subfield><subfield code="0">(IDREF)02886431X</subfield><subfield code="2">idref</subfield></datafield><datafield ind1=" " ind2="7" tag="655"><subfield code="a">Aufsatzsammlung</subfield><subfield code="2">gnd-content</subfield></datafield><datafield ind1=" " ind2="7" tag="655"><subfield code="a">Konferenzschrift</subfield><subfield code="z">Würzburg</subfield><subfield code="y">2005</subfield><subfield code="2">gnd-content</subfield></datafield><datafield ind1=" " ind2="7" tag="655"><subfield code="a">Aufsatzsammlung</subfield><subfield code="2">idszbz</subfield></datafield><datafield ind1="1" ind2=" " tag="700"><subfield code="a">Robert, Jörg</subfield><subfield code="d">1971-</subfield><subfield code="0">(DE-588)126367175</subfield><subfield code="6">880-02</subfield></datafield><datafield ind1="1" ind2=" " tag="880"><subfield code="6">700-02</subfield><subfield code="a">Robert, Jörg</subfield><subfield code="d">1971-....</subfield><subfield code="0">(IDREF)074174460</subfield></datafield><datafield ind1=" " ind2=" " tag="830"><subfield code="a">Würzburger Ringvorlesungen</subfield><subfield code="v">5</subfield><subfield code="w">(RERO)R007879384-41slsp</subfield></datafield><datafield ind1=" " ind2=" " tag="900"><subfield code="a">REROnoselfmerge</subfield></datafield><datafield ind1=" " ind2=" " tag="900"><subfield code="a">IDSZ2zbzmon200709f</subfield><subfield code="c">IDSZ2wiel</subfield><subfield code="d">IDSZ2zbzswk200802b</subfield><subfield code="e">IDSZ2boxm</subfield></datafield></record>
</metadata></record>