<record><header><identifier>oai:alma.41SLSP_UGE:991011969422505502</identifier><datestamp>2023-10-07T02:45:20Z</datestamp><setSpec>UNIGE_ALL</setSpec></header><metadata>
<record xmlns="http://www.loc.gov/MARC21/slim" xmlns:xsi="http://www.w3.org/2001/XMLSchema-instance" xsi:schemaLocation="http://www.loc.gov/MARC21/slim http://www.loc.gov/standards/marcxml/schema/MARC21slim.xsd"><leader>01706nam a2200289 i 4500</leader><controlfield tag="001">991011969422505502</controlfield><controlfield tag="005">20230829143339.0</controlfield><controlfield tag="006">m     o  d        </controlfield><controlfield tag="007">cr |||||||||||</controlfield><controlfield tag="008">230829s2023    fr      o     000 0 fre d</controlfield><datafield ind1=" " ind2=" " tag="035"><subfield code="a">(CKB)5700000000345224</subfield></datafield><datafield ind1=" " ind2=" " tag="035"><subfield code="a">(NjHacI)995700000000345224</subfield></datafield><datafield ind1=" " ind2=" " tag="035"><subfield code="a">(PPN)270354379</subfield></datafield><datafield ind1=" " ind2=" " tag="035"><subfield code="a">(EXLCZ)995700000000345224</subfield></datafield><datafield ind1=" " ind2=" " tag="040"><subfield code="a">NjHacI</subfield><subfield code="b">eng</subfield><subfield code="e">rda</subfield><subfield code="c">NjHacl</subfield></datafield><datafield ind1=" " ind2="4" tag="050"><subfield code="a">RC489.P7</subfield><subfield code="b">.K54 2023</subfield></datafield><datafield ind1="0" ind2="4" tag="082"><subfield code="a">616.891523</subfield><subfield code="2">23</subfield></datafield><datafield ind1="1" ind2=" " tag="100"><subfield code="a">Jean-Pierre Klein,</subfield><subfield code="e">author.</subfield></datafield><datafield ind1="1" ind2="0" tag="245"><subfield code="a">Théâtre et dramathérapie /</subfield><subfield code="c">Jean-Pierre Klein.</subfield></datafield><datafield ind1=" " ind2="1" tag="264"><subfield code="a">Paris :</subfield><subfield code="b">Presses Universitaires de France,</subfield><subfield code="c">2023.</subfield></datafield><datafield ind1=" " ind2=" " tag="300"><subfield code="a">1 online resource</subfield></datafield><datafield ind1=" " ind2=" " tag="336"><subfield code="a">text</subfield><subfield code="b">txt</subfield><subfield code="2">rdacontent</subfield></datafield><datafield ind1=" " ind2=" " tag="337"><subfield code="a">computer</subfield><subfield code="b">c</subfield><subfield code="2">rdamedia</subfield></datafield><datafield ind1=" " ind2=" " tag="338"><subfield code="a">online resource</subfield><subfield code="b">cr</subfield><subfield code="2">rdacarrier</subfield></datafield><datafield ind1=" " ind2=" " tag="588"><subfield code="a">Description based on publisher supplied metadata and other sources.</subfield></datafield><datafield ind1=" " ind2=" " tag="520"><subfield code="a">La dramathérapie, ou thérapie par le théâtre, est une pratique émergente qui puise ses sources dans l'art, dans la psychanalyse et dans la psychologie an-glo-américaine. Par la catharsis, la fiction, le dédoublement, la théâtralité, des patients peuvent trouver le moyen de se dire et de dépasser leurs souffrances. Certaines formes privilégiées par les dramathérapeutes sont particulièrement étudiées dans cet ouvrage : l'improvisation, la marionnette, la commedia dell'arte, le conte, l'écriture théâtrale, la gestualité non verbale, le masque, le psychodrame, la théâtralisation des rêves ou des souvenirs ... Cette pratique ne va pas sans contre-indications. C'est pourquoi Jean-Pierre Klein met notamment en garde contre certains pièges à éviter.</subfield></datafield><datafield ind1=" " ind2="0" tag="650"><subfield code="a">Drama</subfield><subfield code="x">Therapeutic use.</subfield></datafield><datafield ind1=" " ind2=" " tag="776"><subfield code="z">2-7154-1529-X</subfield></datafield><datafield ind1=" " ind2=" " tag="906"><subfield code="a">BOOK</subfield></datafield></record>
</metadata></record>