<record><header><identifier>oai:alma.41SLSP_UGE:991000005339705502</identifier><datestamp>2024-10-17T00:10:07Z</datestamp><setSpec>uge_bcen_RapidILL_BOOK</setSpec><setSpec>uge_aaca_RapidILL_BOOK</setSpec><setSpec>uge_abels_RapidILL_BOOK</setSpec><setSpec>uge_dbu_RapidILL_BOOK</setSpec><setSpec>uge_cmu_RapidILL_BOOK</setSpec><setSpec>uge_mail_RapidILL_BOOK</setSpec><setSpec>uge_abbat_RapidILL_BOOK</setSpec><setSpec>UNIGE_ALL</setSpec><setSpec>uge_aobs_RapidILL_BOOK</setSpec><setSpec>uge_acar_RapidILL_BOOK</setSpec></header><metadata>
<record xmlns="http://www.loc.gov/MARC21/slim" xmlns:xsi="http://www.w3.org/2001/XMLSchema-instance" xsi:schemaLocation="http://www.loc.gov/MARC21/slim http://www.loc.gov/standards/marcxml/schema/MARC21slim.xsd"><leader>01358nam a2200337 c 4500</leader><controlfield tag="001">991000005339705502</controlfield><controlfield tag="005">20241016180831.0</controlfield><controlfield tag="008">150522r19551937gw ||||| |||| 00| ||ger d</controlfield><datafield ind1=" " ind2=" " tag="035"><subfield code="a">(swissbib)121608468-41slsp_network</subfield></datafield><datafield ind1=" " ind2=" " tag="035"><subfield code="a">121608468</subfield><subfield code="9">ExL</subfield></datafield><datafield ind1=" " ind2=" " tag="035"><subfield code="a">(RERO)R008154259-41slsp</subfield></datafield><datafield ind1=" " ind2=" " tag="035"><subfield code="a">(EXLNZ-41SLSP_NETWORK)991115119999705501</subfield></datafield><datafield ind1=" " ind2=" " tag="040"><subfield code="a">RERO geussc</subfield><subfield code="d">CH-ZuSLS</subfield></datafield><datafield ind1=" " ind2="7" tag="072"><subfield code="a">ch</subfield><subfield code="2">rero</subfield></datafield><datafield ind1="0" ind2="0" tag="245"><subfield code="a">Eisen</subfield><subfield code="p">Ergänzungsband</subfield><subfield code="b">magnetische und elektrische Eigenschaften des Eisens und seiner Legierungen</subfield><subfield code="c">[Verf. dieses Teiles Otto von Auwers]</subfield></datafield><datafield ind1=" " ind2=" " tag="250"><subfield code="a">8. völlig neu bearb. Aufl.</subfield></datafield><datafield ind1=" " ind2="1" tag="264"><subfield code="a">Weinheim</subfield><subfield code="b">Verlag Chemie</subfield><subfield code="a">Berlin</subfield><subfield code="b">Springer</subfield><subfield code="c">1937</subfield></datafield><datafield ind1=" " ind2=" " tag="300"><subfield code="a">148 p.</subfield><subfield code="b">ill.</subfield><subfield code="c">26 cm</subfield></datafield><datafield ind1=" " ind2=" " tag="336"><subfield code="b">txt</subfield><subfield code="2">rdacontent</subfield></datafield><datafield ind1=" " ind2=" " tag="337"><subfield code="b">n</subfield><subfield code="2">rdamedia</subfield></datafield><datafield ind1=" " ind2=" " tag="338"><subfield code="b">nc</subfield><subfield code="2">rdacarrier</subfield></datafield><datafield ind1="1" ind2=" " tag="490"><subfield code="a">Gmelin Handbuch der anorganischen Chemie</subfield><subfield code="v">System-Nummer 59</subfield></datafield><datafield ind1=" " ind2=" " tag="500"><subfield code="a">Ergänzungsband zu Eisen Teil A s. 1421 bis 1634 (Lfg. 7) und EisenTeil D</subfield></datafield><datafield ind1=" " ind2=" " tag="534"><subfield code="p">Reprod. photomécanique de l'éd. de:</subfield><subfield code="c">Weinheim : Verlag Chemie, 1931</subfield></datafield><datafield ind1=" " ind2=" " tag="580"><subfield code="a">Suppl. de: Eisen</subfield></datafield><datafield ind1=" " ind2="7" tag="650"><subfield code="a">Fer</subfield><subfield code="0">(IDREF)02778973X</subfield><subfield code="2">idref</subfield></datafield><datafield ind1=" " ind2="7" tag="650"><subfield code="a">Chimie inorganique</subfield><subfield code="0">(IDREF)02782912X</subfield><subfield code="2">idref</subfield></datafield><datafield ind1=" " ind2="7" tag="655"><subfield code="a">Encyclopédies</subfield><subfield code="0">(IDREF)028638166</subfield><subfield code="2">idref</subfield></datafield><datafield ind1="1" ind2=" " tag="700"><subfield code="a">Auwers, Otto von</subfield><subfield code="d">19..-....</subfield><subfield code="0">(IDREF)081154453</subfield></datafield><datafield ind1="0" ind2=" " tag="772"><subfield code="t">Eisen</subfield></datafield><datafield ind1=" " ind2=" " tag="830"><subfield code="a">Gmelin Handbuch der anorganischen Chemie</subfield><subfield code="v">59</subfield><subfield code="w">(RERO)0823083-41slsp</subfield></datafield><datafield ind1=" " ind2=" " tag="900"><subfield code="a">REROnoselfmerge</subfield></datafield></record>
</metadata></record><resumptionToken>1900-01-01@all@UNIGE_ALL@marc21@5986485920005502</resumptionToken></ListRecords></OAI-PMH>